1783 3070
753 187 1049 228 —25-

241 304 386 346 ἓοντι.
448 303 564 348 Haec
593 305 726 348 verba
754 304 900 363 paullo
933 302 1114 345 celerius
1148 302 1416 361 legebantur.
1476 303 1547 346 In-

240 379 438 435 telligunt
471 381 590 421 enim
624 382 905 437 interpretes:
946 379 1055 420 haec
1094 376 1183 419 duo
1221 379 1382 435 flagitia
1419 394 1547 421 causa

242 453 442 496 laborum
476 453 516 495 ei
546 453 666 497 fuere
697 455 764 497 vel
796 462 916 509 sunt,
950 468 1061 511 quos
1098 449 1216 510 apud
1251 451 1414 495 inferos
1443 468 1546 510 per-

240 529 415 585 petitur.
458 528 641 570 Multum
673 530 808 570 abest.
856 529 1007 586 Neque
1039 527 1156 569 euim
1186 525 1316 568 video
1342 527 1543 582 ἐγένοντο

185 625 195 632 ι
239 603 306 645 vel
329 601 458 654 εἰσίν,
491 618 683 661 quorum
717 604 983 646 alterutrum.
1003 601 1060 645 ad
1091 602 1220 644 istum
1256 615 1431 643 sensum
1456 617 1544 643 -ne-

240 678 473 719 cessarium
497 686 584 733 est3
620 692 767 735 neque
799 693 902 720 vero
927 677 1121 720 dativum
1140 674 1270 731 αὐτῷ.
1320 675 1411 732 Qui
1437 690 1542 731 sup-

238 752 350 809 pleri
385 753 563 811 nequit,
595 753 700 811 quia
730 754 862 796 verba
893 752 987 795 sine
1019 752 1093 794 illo
1120 765 1297 809 prorsus
1327 749 1564 793 aliud-di-'

240 835 359 868 eunt.
422 827 487 882 Id,
517 827 641 884 quod
668 826 998 884 intelligendum
1030 834 1133 868 erat.
1195 826 1252 866 Αἱ
1284 821 1365 866 δύο
1395 821 1435 866 δ’
1461 824 1543 879 οἷμ-

239 900 426 942 πλακιάι
458 901 691 959 φερέπονοι
707 901 941 942 τελέθοντι
970 903 1190 945 sententia
1215 900 1440 958 generalis
1466 908 1542 942 est.

239 975 288 1015 ln
324 990 412 1031 qua
452 973 712 1031 exponenda
755 973 811 1015 de
857 974 953 1015 solo
995 974 1144 1015 Ixione
1189 974 1363 1016 dicitur.
1433 974 1543 1016 Hinc

233 1046 336 1106 ἥρως
368 1049 415 1092 in
445 1048 588 1092 fronte
619 1048 926 1107 sequentium,
952 1063 1040 1106 qua
1071 1063 1179 1091 voce
1212 1048 1273 1091 illi
1306 1048 1540 1092 admoneri

234 1123 290 1164 de
319 1138 483 1178 errore,
513 1132 750 1179 postquam
783 1131 996 1177 errarunt,
1026 1131 1245 1179 poterant.
1308 1123 1541 1164 Generales

232 1205 377 1240 autem
409 1198 645 1240 sententias
674 1213 755 1255 per
774 1206 920 1240 totum
946 1198 1094 1240 locum
1115 1205 1263 1255 poeta,
1296 1213 1404 1255 quas
1434 1206 1538 1255 pot-

232 1281 309 1326 est,
350 1288 373 1313 e
404 1273 549 1313 sabula
581 1272 699 1313 elicit
726 1280 911 1328 propter
930 1286 1105 1313 sensum
1132 1272 1368 1313 internum.
1402 1271 1539 1324 Quod

230 1362 322 1389 non
363 1347 494 1390 huius
539 1347 625 1389 loci
670 1355 735 1389 est
784 1362 1017 1404 exponere.
1093 1346 1235 1389 Unum
1276 1345 1417 1389 addo:
1459 1347 1537 1409 ubi

233 1429 365 1476 poeta
398 1420 627 1463 descendit
658 1421 714 1463 ad
743 1422 961 1477 Ixionem,
994 1421 1040 1462 in
1071 1435 1109 1463 v.
1133 1422 1229 1476 36„
1262 1436 1441 1462 omnem
1474 1422 1538 1462 le-

232 1496 427 1538 ctionem
459 1496 607 1539 saisam
651 1512 765 1553 esse,
809 1497 854 1539 in
894 1512 981 1555 qua
1023 1512 1117 1539 non
1156 1496 1313 1554 legitur
1342 1494 1417 1537 καὶ
1454 1495 1536 1538 τὸν

228 1570 273 1611 h.
306 1585 343 1610 e.
377 1569 452 1609 καὶ
482 1570 656 1613 τοῦτον.

347 1645 395 1686 In
422 1660 460 1687 v.
480 1642 537 1687 54
566 1645 709 1687 verbis
741 1640 860 1687 εἶδον
879 1644 961 1702 γὰρ
981 1644 1079 1693 ἑκὰς
1097 1643 1176 1687 ἰών
1207 1646 1367 1688 iniuria
1384 1661 1538 1688 omnes

230 1717 476 1760 immiscent
500 1718 556 1760 τὸ
589 1720 810 1777 quamvis,
843 1719 968 1778 quod
998 1719 1214 1763 Pindarus
1245 1735 1338 1762 non
1370 1721 1536 1779 eogita-

229 1793 303 1833 vit.
364 1794 708 1849 Explicationem
733 1795 851 1836 vocis
872 1791 989 1836 εἶδον
1017 1796 1304 1838 neeessariam
1330 1796 1537 1852 apposuit

231 1866 499 1922 simpliciter.

351 1941 399 1982 In
426 1956 463 1983 v.
484 1943 539 1983 56
572 1942 727 1998 legitur
756 1940 811 1982 τὸ
846 1942 1055 1983 πλουτεῖν
1087 1939 1135 1983 δὲ
1168 1942 1252 1984 σὺν
1279 1943 1403 2000 τύχᾳ
1424 1943 1535 1985 πότ-

229 2030 316 2069 μου
348 2014 516 2072 σοφίας
549 2013 750 2073 ἄριστον.
815 2015 913 2070 Qua
944 2017 1159 2059 sententia
1187 2017 1339 2060 offensi
1378 2034 1532 2061 omnes

228 2091 334 2131 alius
350 2092 435 2133 alio
454 2091 592 2133 modo
609 2093 895 2134 neeessariam
914 2093 1150 2134 verborum
1169 2093 1530 2136 coniunctionem

229 2165 458 2208 invertunt.
482 2166 621 2224 Quod
633 2167 811 2225 longum
831 2175 894 2208 est
905 2182 1117 2209 enarrare.
1151 2168 1277 2212 Solus
1289 2169 1531 2214 Boeckhius

226 2248 343 2280 recte
372 2242 489 2282 stetit
519 2242 747 2283 illecebris.
810 2242 1220 2299 Interpretationem
1259 2251 1407 2286 tamen
1442 2246 1527 2287 loci

224 2313 369 2356 denuo
402 2316 527 2358 liceat
555 2316 817 2359 adscribere.
862 2317 1032 2373 Etenim
1065 2317 1208 2360 verbis
1238 2317 1525 2381 τᾲ”πλουτεῖν

224 2388 388 2446 σοφίας
407 2387 593 2447 ἄριστον
616 2392 661 2433 in
693 2392 781 2433 hoc
811 2392 908 2435 loco
941 2408 1033 2435 non
1065 2392 1226 2435 dieitur
1255 2409 1423 2452 neque:
1455 2393 1525 2436 di-

220 2464 351 2506 vitem
375 2480 478 2512 esse,
510 2482 674 2523 neque:
708 2483 873 2524 curare,
889 2477 938 2510 ut
964 2467 1085 2510 dives
1103 2468 1174 2524 sis,
1199 2470 1418 2527 optimum
1436 2483 1530 2511 esse

220 2539 470 2600 sapientiae.
532 2542 620 2585 Sed
651 2542 739 2585 hoc
769 2551 963 2586 tantum:
996 2543 1044 2585 in
1075 2544 1311 2601 sapientia,
1351 2544 1386 2586 si
1428 2544 1531 2600 quis
