1783 3070
704 207 970 249 —9-

182 319 369 379 scripsit,
382 311 449 363 ἔτι
470 316 600 374 ζῶντι
610 320 946 382 δυστυχήματα
957 323 1126 381 ἐγένετο
1142 321 1291 369 πολλὰ
1307 320 1382 362 καὶ
1400 317 1490 362 δει-

183 391 320 446 νὰ,.ὦν
334 395 410 439 καὶ
424 396 548 447 τέλος
560 400 584 448 ἡ
596 398 754 456 πατρὶς
769 401 913 441 αὐτοῦ
927 395 1005 448 ὅλη
1022 398 1319 461 ἀνετράπετο,
1328 393 1404 438 καὶ
1419 411 1491 437 τε.

182 472 453 521 λευτήσαντι
472 474 517 516 ἐν
536 470 692 516 ’Ἀιδου
717 474 742 522 ἡ
772 474 886 532 ὑπὲρ
916 478 991 524 τῆς
1010 476 1223 533 κεφαλῆς
1244 476 1329 515 τοῦ
1354 470 1490 514 λίθου

180 545 430 590 τανταλεία
461 544 743 604 θαυμαστῶς
764 549 818 597 ὡς
847 546 1074 609 ξύμφωνος
1103 553 1166 606 τῷ
1188 548 1397 605 ὀνόματι.
1429 569 1488 578 -

186 622 324 679 Quod
362 623 409 667 in
439 624 544 681 ipsis
574 624 718 666 verbis
748 624 894 681 facile,
925 610 1008 668 nisi
1045 625 1183 681 fallor,
1214 633 1308 667 erat
1346 624 1489 681 dispi-

185 713 324 741 cere.v
368 699 478 743 Nam
519 698 576 742 ad
618 702 748 758 τριῶν
790 699 1000 744 debemus
1040 700 1279 759 intelligere
1319 698 1487 751 πόνων,

184 772 320 814 πόνον
345 782 493 815 autem
524 775 743 830 appositio
776 784 840 817 est
868 776 988 817 vocis
1008 775 1105 832 βίον
1118 778 1304 825 τοῦτονς
1336 775 1488 830 itaque

185 862 267 890 vox
296 849 427 906 τριῶν
458 846 514 891 de
546 848 642 891 vitis
677 848 806 893 dicta.

303 924 533 965 Praeterea
563 939 656 966 non
686 939 1049 981 supervacaneum
1091 923 1267 966 videtur
1307 937 1486 965 sensum

182 1010 329 1038 versus
348 998 420 1040 ,81
471 997 496 1038 ὁ
535 995 668 1054 μέγας
708 994 757 1041 δὲ
799 994 993 1048 κίνδυνος
1030 996 1214 1041 ἄναλκιν
1255 998 1307 1039 οὐ
1354 999 1491 1055 φῶτα

179 1069 422 1128 λαμβάνει,
458 1072 612 1114 θανεῖν
648 1067 686 1114 δ’
727 1067 846 1115 οἷσιν
885 1073 1055 1129 α’νάγκα
1087 1081 1169 1116 etc.
1209 1080 1311 1130 post
1348 1072 1488 1114 inter·—

184 1153 358 1203 pretes‚
398 1161 511 1204 quos
542 1147 657 1203 vidi,
693 1147 842 1190 denuo
882 1163 1115 1205 exponere.
1177 1148 1310 1202 Nam,
1341 1161 1488 1203 quan·-

182 1228 277 1262 tum
310 1235 361 1263 ex
394 1222 538 1264 verbis
569 1222 765 1279 ipsorum
795 1222 1087 1280 argumentari
1117 1222 1241 1276 licet,
1281 1236 1375 1262 non
1417 1221 1488 1261 in-

179 1294 445 1353 telligebant.
506 1295 782 1353 Sin.minus,
814 1296 1031 1339 indictum
1060 1297 1177 1339 volo.
1239 1294 1487 1338 Boeckhius

181 1367 430 1425 adscripsit:
471 1370 678 1410 ”imbellis
704 1384 796 1411 sese
825 1370 1055 1426 nunquam
1087 1370 1134 1410 in
1151 1384 1359 1426 magnum
1395 1368 1488 1409 dis-

192 1442 381 1485 ·›crimen
411 1441 511 1500 dat3
554 1458 633 1502 ego
675 1459 778 1487 vero
810 1444 908 1486 talis
950 1460 1043 1487 non
1083 1458 1178 1486 ero:
1224 1443 1326 1500 quis
1367 1442 1488 1485 enim

189 1516 420 1574 ”inglorius
447 1516 668 1560 delituerit
687 1549 701 1574 9
727 1532 827 1561 cum
854 1526 1008 1561 tamen
1040 1518 1156 1560 mori
1188 1517 1397 1560 omnihus
1424 1516 1488 1558 fa-

190 1592 295 1634 »tale
325 1592 428 1635 sitP«
501 1593 743 1636 Dissenius:
783 1594 894 1636 »scio
926 1593 1183 1636 fortitudine
1226 1601 1270 1635 et
1303 1592 1488 1635 audacia

189 1681 321 1723 »opus
352 1680 445 1708 esse
475 1667 521 1708 in
547 1667 630 1709 hac
659 1682 733 1723 re3
754 1682 965 1725 magnum
995 1668 1240 1724 perieulum
1259 1667 1487 1708 imbellem

186 1741 348 1784 ”virum
377 1756 471 1783 non
501 1741 682 1799 recipit,
713 1741 928 1798 admittit,
959 1741 1038 1785 sed
1074 1757 1174 1785 cum
1205 1742 1342 1783 semel
1373 1741 1487 1783 ami-

185 1815 335 1858 ”serim
364 1815 756 1872 immortalitatem,
783 1816 895 1875 quid
916 1815 1098 1874 prodest
1114 1817 1203 1859 vita
1229 1816 1313 1858 nisi
1341 1815 1484 1858 nobili

186 1891 319 1933 »sacto
352 1890 594 1933 illustrata.‹«
664 1892 825 1949 Pelops
856 1892 945 1934 hoc
975 1891 1107 1934 dicit:
1138 1907 1347 1949 magnum
1369 1891 1427 1941 (h.
1442 1906 1481 1932 e.

176 1966 344 2016 mortis)
375 1965 621 2023 periculum
652 1966 877 2009 imbellem
917 1968 976 2018 (h.
1010 1982 1048 2008 e.
1080 1982 1200 2009 nune
1230 1966 1288 2022 is,
1320 1966 1397 2023 qui
1429 1979 1481 2006 ex

175 2040 346 2098 ignavia
376 2040 573 2097 periculo
605 2056 698 2085 sese
730 2057 823 2085 non
855 2041 1002 2093 tradit)
1040 2057 1134 2085 non
1171 2041 1301 2098 capit.
1365 2039 1478 2092 Qui-

174 2115 257 2155 bus
288 2113 412 2156 dicit:
438 2129 621 2173 possum
651 2123 875 2158 certamen
905 2117 1157 2173 relinquere
1173 2122 1380 2171 tutusque
1397 2127 1475 2153 ero

173 2188 356 2245 periculi
384 2203 435 2230 ac
464 2189 643 2245 mortis,
683 2189 719 2231 si
758 2189 947 2232 imbellis
990 2206 1085 2233 esse
1126 2189 1269 2244 malo;
1312 2187 1478 2245 quibus

174 2276 277 2304 vero
312 2263 603 2305 necessarium
636 2271 701 2305 est
730 2264 861 2319 mori,
892 2263 940 2305 τί
966 2263 1012 2306 κε’
1040 2279 1107 2312 τις
1138 2271 1223 2305 etc.

660 2393 874 2440 olymp.
903 2393 984 2431 11.

293 2484 391 2527 Duo
437 2500 555 2527 nunc
596 2494 784 2544 tangam..
863 2487 1041 2530 Restant
1082 2487 1208 2544 plura
1247 2485 1335 2528 alio
1378 2484 1479 2528 loco

176 2559 455 2606 commodius
478 2560 749 2620 explicanda.
794 2563 990 2608 Primum
1008 2578 1074 2607 vv.
1092 2565 1149 2607 53
1169 2576 1297 2622 seqq.
1328 2576 1482 2606 sensus
