1783 3070
701 229 989 272 ...39-

197 349 422 406 inquirere
452 363 702 407 possumus3
733 365 836 394 nam
865 351 1003 393 multa
1033 348 1255 395 nescimus
1287 347 1420 393 etiam
1436 347 1492 394 de

197 424 443 467 tritissimis.
504 425 701 483 Deinde„
729 426 766 469 si
797 425 999 469 nondum
1030 424 1340 483 intelligimus,
1373 421 1500 480 quod

196 499 371 555 dicitur,
399 508 540 544 totum
570 502 717 546 locum
746 500 1004 546 continuum
1038 502 1196 543 iterum
1230 500 1499 554 iterumque,

195 574 342 618 donec
388 576 728 621 intellexerimus
743 608 757 632 ‚
795 577 998 635 relegere.
1058 577 1157 624 Non
1192 591 1297 620 vero
1315 608 1330 631 ,
1373 572 1500 631 quod

195 649 292 692 lieri
320 650 449 693 video
478 650 706 708 quotidie:
745 651 792 693 in
828 651 926 693 loco
964 651 1197 694 subsistere
1230 658 1274 692 et
1304 649 1498 691 circum-

193 726 361 783 spicere
392 727 557 769 circum
589 726 787 782 proxime
813 726 996 771 iacentia
1027 734 1071 768 et
1100 726 1190 771 hoc
1219 726 1286 768 vel
1314 725 1389 770 illo
1423 740 1495 767 ar-

193 808 403 858 gumento
435 800 527 846 sive¹
554 800 930 844 verisimilitudine
962 799 1240 843 concludere.
1311 798 1392 841 Cui
1425 814 1496 840 ra-

191 876 305 918 tioni
340 890 431 932 quo
459 874 624 920 facilius
655 891 735 921 nos
763 876 975 920 tradimus
1007 899 1063 908 -
1091 884 1170 931 ut,
1202 875 1281 918 ubi
1313 874 1497 917 haerea-

195 965 319 1005 mus,
361 964 386 996 e
422 949 632 1008 proximis
662 950 867 994 auxilium
903 959 1105 1009 petamus
1145 976 1205 984 —
1246 964 1300 992 eo
1342 948 1497 991 fortius

191 1026 364 1067 ratione
392 1025 680 1069 resistendum
712 1035 788 1068 est.
829 1028 937 1070 Nam
967 1024 1370 1069 verisimilitudines
1388 1024 1494 1066 istac

167 1107 237 1141 ret
266 1107 728 1157 argumentaprorsus
757 1101 949 1156 incerta,
990 1101 1037 1142 in
1067 1101 1163 1142 viva
1195 1114 1246 1142 ac
1278 1106 1494 1156 perpetua

191 1174 391 1219 oratione
421 1174 513 1216 sola
542 1174 665 1218 fides.
737 1175 888 1232 Neque
927 1176 1110 1232 impune
1148 1189 1297 1217 veram
1335 1174 1382 1216 in
1410 1173 1495 1215 hac

187 1263 234 1294 re
265 1248 526 1292 methodum
551 1250 785 1308 neglexerit
806 1251 1055 1308 quisquam.
1100 1247 1399 1307 Ἀφίσταμαι.
1442 1252 1494 1293 ln

186 1322 341 1364 eadem
372 1324 500 1365 tertia
528 1325 710 1382 stropha
739 1326 873 1367 verba
903 1326 1113 1379 μάλιστα
1148 1327 1229 1379 μὲν
1262 1319 1492 1380 Κρονίδαν

185 1398 298 1439 θεῶν
346 1396 566 1456 σέβεσθαι
617 1414 710 1444 non
753 1408 870 1443 recte
911 1400 1193 1457 explicantur.
1266 1399 1328 1443 Ne
1366 1399 1493 1457 plura

185 1472 380 1527 afferam,
411 1473 631 1515 Dissenius
645 1475 832 1531 scripsit:
875 1475 1105 1531 »primum,
1139 1474 1301 1530 inquit,
1328 1473 1435 1516 deos
1450 1482 1493 1515 et

193 1547 329 1591 »inter
359 1547 468 1590 deos
499 1548 662 1604 Iovem,
691 1556 742 1591 ut
769 1548 1043 1593 Hermannus
1075 1556 1120 1590 et
1142 1548 1390 1592 Boeckhius
1408 1564 1492 1590 no-

194 1631 393 1676 »tarunt«
443 1623 537 1667 Hoc
566 1624 698 1666 verba
728 1639 819 1665 non
852 1623 1017 1666 dicunt.
1056 1624 1285 1666 Μάλιστα
1303 1625 1489 1668 omnino

183 1713 276 1740 non
309 1697 366 1740 ad
393 1696 501 1740 deos
532 1697 730 1753 refertur,
761 1697 839 1740 sed
868 1714 961 1742 non
993 1698 1162 1742 nisiyad
1191 1700 1371 1742 alteram
1388 1714 1492 1742 seu-

179 1773 342 1815 tentiae
363 1780 557 1829 partem:
587 1771 795 1827 μάλιστα
817 1775 897 1828 μὲν
915 1774 1063 1817 lovem
1081 1776 1294 1832 venerari,
1324 1776 1488 1819 deinde

179 1854 394 1904 parentes.
457 1847 549 1892 Iam
570 1861 682 1893 ,cum
713 1847 762 1890 in
793 1848 944 1905 priore
975 1850 1181 1893 membro
1211 1850 1268 1891 de
1299 1851 1488 1894 deorum

179 1921 461 1969 veneratione
493 1936 638 1964 sermo
670 1922 741 1978 sit,
769 1922 869 1964 voci
891 1919 1108 1982 Κρονίδαν
1142 1925 1268 1969 notio
1289 1926 1361 1969 illa
1379 1926 1490 1969 deo·-

178 2011 277 2039 rum
309 2011 355 2039 se
386 1996 587 2055 adiungit
616 2012 697 2055 per
726 2012 798 2053 se,
845 1998 941 2046 sine
973 2000 1098 2044 omni
1130 2015 1232 2043 cum
1260 2017 1369 2044 voce
1400 2002 1488 2056 μά-

176 2071 321 2112 λιστα
352 2072 681 2117 coniunctione.
715 2073 844 2125 Θεῶν,
876 2074 1002 2131 quod
1034 2090 1126 2117 non
1150 2076 1323 2132 pendet
1354 2077 1436 2119 nisi
1465 2094 1488 2118 e

176 2160 286 2187 voce
318 2143 567 2202 Κρονίδαν,
599 2145 720 2188 idem
747 2146 845 2201 hic,
886 2147 1012 2205 quod
1044 2149 1089 2191 in
1120 2164 1252 2206 prosa
1283 2150 1485 2192 oratione

172 2216 294 2261 θεόν.
339 2242 396 2248 -
453 2220 684 2261 Praeterea
721 2234 852 2261 voces
890 2220 1065 2269 ταύτας
1103 2216 1152 2263 δὲ
1183 2221 1317 2276 τιμᾶς
1349 2223 1413 2275 (h.
1446 2241 1483 2266 e.

172 2294 257 2344 τοῦ
288 2291 525 2349 σέβεσθαι)
561 2308 656 2335 non
686 2301 804 2337 recte
835 2293 1020 2352 frigent,
1058 2295 1128 2337 eui
1157 2295 1331 2352 frigent.
1398 2299 1486 2340 Po-

172 2374 283 2411 terat
314 2365 497 2423 quidem
530 2365 619 2409 dici
649 2367 824 2414 ταύτᾶς
855 2365 905 2410 δὲ
932 2371 991 2423 μή
1022 2384 1131 2410 ποτε
1172 2372 1319 2424 τιμᾶς.
1395 2372 1485 2414 Sed

172 2442 284 2486 haec
310 2441 494 2498 vulgaris
525 2440 662 2486 dictio
695 2450 802 2497 erat,
832 2458 925 2500 qua
952 2445 1101 2501 vulgus
1127 2459 1302 2502 semper
1329 2447 1482 2502 utitur,

173 2532 266 2560 non
296 2515 523 2558 Pindarus.
586 2516 677 2574 Qui
702 2515 856 2558 eadem
879 2517 1054 2560 brevius
1081 2518 1206 2575 quasi
1226 2527 1361 2579 atque
1378 2534 1483 2564 ner-

169 2593 314 2637 vosius
344 2591 403 2634 ita
434 2589 565 2635 dixit:
598 2589 729 2642 huius
755 2599 900 2637 autem
930 2592 1129 2640 honoris.
1196 2594 1336 2653 Quod
1367 2597 1480 2641 mihi
