1783 3070
308 323 394 357 tata
408 320 532 355 sunt.
551 305 555 309 ¹
595 311 711 356 Nam
732 328 770 355 v.
789 328 825 355 e.
842 304 1049 371 Heynius:
1092 328 1194 370 »pro
1216 308 1404 369 ἄριστον
1425 308 1476 355 δέ
1487 304 1608 361 μἐστι,

314 384 489 436 »νοῆσαι
519 385 602 429 τὸν
624 386 811 445 καιρόν.ιι
882 387 1146 430 Boeckhius:
1187 387 1296 429 »hoe
1327 382 1391 429 est
1421 383 1610 444 ἄριστόν

314 464 434 504 υὲστι
464 464 623 509 νοῆσαι
655 461 829 518 καιρόνε
871 471 918 505 ut
949 463 1091 521 graeci
1129 460 1283 504 dicunt
1312 458 1502 512 δίκαιος,
1533 456 1609 501 δυ-

314 534 487 586 »ινατός,
523 523 777 586 α’δύνατοςζ
806 535 1046 592 ἀναγκαῖός
1073 537 1163 592 εἰμι
1201 537 1339 577 τοῦτο
1380 533 1563 583 ποιῆσαι
1581 554 1599 570 u

304 612 422 654 Idem
455 611 603 653 vertit:
645 612 1047 667 »opportunitatem
1077 627 1181 655 vero
1219 609 1458 667 intelligere
1489 609 1607 666 opti-

314 702 491 728 ›·mum.‹«
563 685 805 727 Dissenius:
848 695 1173 743 »opportunum
1195 694 1239 728 et
1269 683 1603 727 convenientem

314 760 519 803 ”modum
551 775 679 803 nosse
712 760 966 817 optimum.«
1046 761 1244 804 Primum
1284 758 1480 816 exempla
1517 757 1604 812 illa,

304 851 418 893 quae
448 835 656 890 scribunt,
687 841 786 891 apta
813 841 971 890 essent,
1003 835 1038 876 si
1069 834 1143 877 hic
1166 837 1325 883 νοῆσαι
1344 831 1493 890 καιρὸς
1509 827 1604 889 ἄρι-

302 924 408 956 στος
440 909 604 950 dictum
635 916 744 949 esset
776 923 857 964 pro
889 912 952 964 τῷ
982 911 1117 965 καιρῷ
1151 905 1340 966 ἄριστόν
1378 909 1478 949 ἐστι
1508 909 1604 953 νοῆ-

299 998 378 1023 σαι
410 983 475 1024 vel
505 978 698 1040 ἄριστόν
725 983 827 1023 ἑστι
847 982 929 1025 τὸν
951 981 1105 1041 καιρὸν
1127 983 1398 1034 (subiectum)
1430 984 1603 1030 νοῆσαι.

297 1058 466 1099 Deinde
488 1058 689 1113 omnino,
702 1058 827 1114 quod
844 1059 904 1099 illi
921 1059 1191 1112 volunt9non
1205 1058 1431 1114 cogitatur.
1463 1057 1601 1099 Obie-

293 1139 410 1174 etum
422 1131 543 1174 verbi
557 1133 715 1179 νοῆσαι
733 1139 798 1173 est
816 1131 872 1173 τὸ
886 1133 932 1173 ἐν
950 1132 1122 1187 ἑκάστῳ
1140 1130 1313 1190 μέτρον.
1341 1130 1386 1173 Si
1400 1129 1600 1188 quidad-

292 1205 396 1247 dere
412 1205 468 1247 de
485 1204 679 1248 dictione
693 1207 914 1261 volebant,
923 1207 1065 1248 verius
1080 1207 1169 1247 hoc
1184 1214 1297 1247 erat:
1310 1220 1489 1263 graecos
1505 1219 1596 1246 non

292 1281 431 1323 solum
464 1278 610 1324 dicere
642 1276 846 1339 εὔκαιρόν
868 1282 969 1323 ἐστι
985 1284 1127 1323 ποιεῖν
1149 1296 1209 1332 τι,
1242 1279 1320 1323 sed
1352 1279 1481 1323 etiam
1499 1293 1598 1320 και-

294 1355 367 1410 ρός
394 1357 495 1396 ἐστι
524 1360 665 1397 ποιεῖν
697 1371 769 1407 τι,
804 1356 928 1414 quod
966 1371 1084 1398 nunc
1116 1357 1334 1413 eleganter
1367 1356 1413 1397 in
1444 1369 1599 1411 super-

293 1430 423 1473 lativo
455 1429 589 1490 gradu
619 1430 787 1475 audiat:
815 1430 964 1489 καιρὸς
996 1425 1191 1491 ἄριστος.
1254 1429 1426 1473 Addere
1466 1438 1597 1488 pote-

295 1513 406 1560 rant,
434 1506 668 1548 Pindarum
690 1507 925 1564 elegantius
952 1507 1083 1548 etiam
1105 1507 1248 1563 ipsum
1269 1505 1375 1547 illud
1393 1504 1452 1554 τί,
1472 1504 1596 1562 quod

296 1588 545 1637 opportune
576 1580 665 1636 flat,
695 1579 778 1623 τὸν
795 1579 948 1639 καιρὸν
980 1581 1213 1638 appellare.
1275 1578 1407 1622 Cuius
1436 1579 1598 1622 dictio-

293 1654 361 1694 nis
391 1655 636 1712 exemplum
669 1663 874 1713 poterant
904 1655 1055 1697 afferre
1091 1670 1114 1696 e
1144 1655 1270 1712 Pyth.
1299 1655 1317 1696 I
1346 1670 1385 1697 v.
1412 1657 1464 1697 81
1500 1669 1596 1695 και-

297 1727 372 1783 ρὸν
396 1729 432 1769 εὶ
449 1727 681 1786 φθέγξαιο,
713 1730 795 1772 nisi
825 1730 913 1771 hoc
945 1730 1234 1788 intelligerent
1253 1738 1303 1772 ut
1324 1729 1491 1773 dietum
1510 1745 1593 1788 pro

296 1801 415 1841 κατὰ
455 1802 624 1859 καιρόν.
695 1802 832 1860 Quod
872 1803 1055 1844 Tafelius
1100 1805 1299 1845 correxit.
1368 1804 1433 1845 Τὸ
1475 1804 1595 1845 κατὰ

297 1875 451 1934 καιρὸν
483 1875 733 1931 λεγόμενον,
766 1876 813 1917 id
845 1876 986 1933 ipsum
1014 1885 1147 1933 poeta
1175 1877 1328 1935 καιρὸν
1358 1887 1485 1921 vocat
1513 1888 1594 1921 etc.

415 1949 462 1991 In
496 1950 694 2008 proxime
724 1950 1026 2007 sequentibus:
1064 1949 1140 2005 ἐγὼ
1172 1946 1220 1992 δὲ
1257 1946 1364 1999 ἴδιος
1394 1954 1440 1993 ἐν
1471 1956 1597 2009 κοινῷ

296 2025 479 2073 σταλείς
510 2040 649 2083 usque
690 2024 745 2066 ad
780 2024 1017 2082 προπόλοις
1056 2034 1313 2068 structuram
1357 2029 1592 2072 verborum

293 2115 384 2141 non
407 2100 502 2158 capi
527 2100 679 2154 miror,
702 2098 779 2140 sed
805 2098 933 2140 video
957 2107 999 2141 et
1016 2099 1370 2157 'interpunctione
1391 2104 1590 2145 omnium

293 2176 506 2217 librorum
549 2184 592 2216 et
635 2174 993 2216 adnotationibus
1035 2176 1335 2234 interpretum.
1409 2179 1490 2221 Res
1532 2180 1592 2222 ita

293 2264 338 2291 se
367 2249 501 2292 habet
531 2249 790 2292 necessario.
851 2249 1046 2292 Primum
1082 2252 1215 2294 verba
1254 2250 1386 2308 μῆτίν
1425 2269 1476 2296 τε
1513 2271 1593 2312 γα-

291 2327 402 2381 ρύων
432 2323 710 2380 παλαιγόνων
750 2323 945 2379 πόλεμόν
982 2326 1021 2367 τ’
1061 2328 1106 2369 ἐν
1144 2324 1320 2386 ἡρωΐαις
1355 2329 1591 2388 ἀρεταῖσιν

293 2400 406 2456 ipsas
437 2399 634 2443 nondum
669 2400 899 2443 continent
932 2399 1103 2458 laudes,
1141 2403 1224 2446 sed·
1254 2404 1452 2448 indicant
1489 2415 1589 2449 tan-

291 2483 408 2530 tum,
456 2475 512 2518 de
559 2476 719 2532 quibus
766 2476 895 2518 rebus
937 2475 1197 2520 Corinthum
1244 2479 1494 2522 laudaturus
1534 2482 1589 2525 sit

292 2556 435 2605 poeta.
498 2550 586 2591 lam
615 2562 748 2606 nunc,
779 2550 903 2608 quod
921 2549 1171 2595 desiderant
1198 2568 1352 2596 omnes
1380 2553 1436 2596 ad
1455 2556 1587 2601 verba
