1783 3070
731 211 1023 252 „25—

222 327 648 386 pronunciationem.
718 328 862 388 Quam
903 328 951 370 in
989 328 1185 371 animum
1230 332 1428 373 nostrum
1469 323 1532 365 le-

222 410 373 461 gentes
390 402 655 460 imprimere,
686 404 797 447 sicut
828 404 874 446 in
904 418 1060 452 ceram,
1090 401 1373 446 continenter
1394 397 1534 441 debe-

225 493 325 520 mus
349 493 586 536 sensusque
626 480 686 521 ita
723 478 1023 521 necessitatem
1060 477 1317 536 persentire.
1394 473 1533 531 Quod

225 553 309 595 nisi
339 552 436 610 fiat,
467 570 559 597 non
590 553 788 612 legimus,
818 552 896 596 sed
933 554 1242 597 coniectamus.
1305 551 1452 609 Atque
1484 550 1531 592 iu

225 636 376 671 nostro
407 629 507 671 loco
539 628 673 686 lyrica
703 627 839 670 dictio
872 644 960 670 non
1002 628 1221 671 intellecta
1258 636 1337 670 est.
1401 625 1529 674 Ἀκοή

225 720 306 746 vox
341 713 405 746 est
435 705 650 746 abstracta
677 710 721 745 et
748 704 854 759 lata,
884 704 1006 747 cuius
1039 719 1191 746 sensus
1220 705 1395 761 reliquo
1426 703 1531 758 loci,

229 779 274 821 in
307 795 398 837 quo
430 778 617 834 dicitur,
647 793 775 821 sensu
806 776 1012 821 definitur
1046 794 1097 821 ae
1132 778 1418 837 restringitur.
1482 778 1531 821 In

226 855 477 896 universum
511 853 648 895 modo
679 854 844 910 passive
872 846 1009 909 audit,
1040 854 1077 895 si
1109 853 1221 911 quid
1245 853 1444 901 auditum
1466 862 1533 894 est

228 927 294 971 vel
317 926 507 984 auditur,
539 935 588 971 ut
612 927 648 971 si
675 927 800 987 vulgo
821 926 979 972 dicitur
1010 924 1054 979 ἐξ
1075 923 1202 977 α’κοῆς
1222 926 1379 984 λέγειν,
1396 925 1531 976 α’κοὴν

224 1008 465 1062 μαρτυρεῖν
496 1005 563 1046 vel
594 1020 619 1046 a
648 1012 781 1062 poeta
807 1002 944 1045 α’κοὰν
974 1001 1133 1045 ἁδεῖαν
1162 1004 1310 1045 κλύειν
1343 1012 1387 1045 et
1416 1002 1529 1060 βαιὰ

224 1077 269 1121 ἐν
301 1083 519 1139 μακροῖσι
541 1077 803 1131 ποικίλλειν,
834 1079 948 1133 α’κοὰ
984 1082 1169 1138 σοφοῖςς
1209 1078 1348 1123 modo
1389 1079 1529 1122 active

227 1153 283 1196 de
319 1154 564 1210 audiendo,
606 1162 668 1197 ιιι
687 1154 860 1196 Orestes
889 1154 1163 1212 Sophocleus
1202 1152 1351 1204 ὀξεῖαν
1393 1153 1528 1201 α’κοὴν

224 1232 319 1277 τοῖς
346 1231 467 1284 ἐμοῖς
490 1228 632 1285 λόγοις
650 1226 813 1280 διδούς,
834 1238 877 1271 et
904 1244 1059 1272 omnes
1084 1229 1140 1271 de
1171 1244 1301 1271 sensu
1318 1227 1529 1271 audiendi

225 1296 324 1356 ὄψις
355 1302 431 1344 καὶ
462 1304 584 1355 ἀκοή,
616 1303 671 1345 de
704 1319 794 1361 quo
825 1304 948 1347 Plato
977 1303 1107 1346 dicit:
1147 1300 1260 1345 ἄλλο
1293 1304 1373 1358 μὲν
1404 1303 1528 1353 ἀκοή,

222 1376 419 1421 ὀίλλοδὲ
450 1378 509 1420 τὰ
536 1378 797 1433 ἀκουόμενα.
857 1379 981 1422 Nunc
1017 1393 1117 1421 cum
1148 1378 1341 1436 genitivo
1378 1378 1529 1420 ἀστῶν

226 1452 344 1496 dicta
376 1453 590 1511 significat
637 1453 697 1496 nil
744 1453 827 1496 nisi
864 1461 1013 1496 actum
1057 1451 1284 1495 audiendi.
1354 1453 1532 1495 Poterat

226 1529 340 1572 dici:
370 1529 519 1571 ἀστῶν
535 1529 672 1572 α’κοὰν
703 1528 911 1584 μάλιστα
940 1528 1122 1587 βαρύνει
1153 1527 1268 1571 ἐσλὰ
1295 1527 1532 1585 ἀλλότρια.

226 1605 351 1647 Nunc
380 1613 510 1662 poeta
542 1605 609 1646 vel
642 1605 793 1646 altiore
827 1603 1024 1646 dictione
1065 1619 1169 1646 usus
1211 1600 1364 1645 α’στῶν
1395 1603 1533 1653 οἱκοά,

229 1680 399 1737 inquit,
440 1678 587 1734 <ἒιυμὸν
617 1677 796 1736 βαρύνει
834 1676 1021 1733 μάλιστ’
1052 1679 1258 1720 ἐσλοῖσιν
1287 1678 1351 1719 ἐπ’
1397 1676 1535 1719 α’λλο-

225 1752 376 1811 τρίοις.
425 1753 550 1807 Quae
579 1753 614 1794 si
642 1753 736 1795 aliis
764 1754 909 1795 verbis
940 1751 1144 1815 dicenda,
1172 1751 1297 1810 quod
1323 1753 1397 1801 ,vix
1427 1760 1532 1810 pot-

224 1838 312 1885 est,
351 1830 463 1872 mihi
503 1838 657 1885 erunt,
687 1828 854 1871 dicam:
894 1827 1033 1870 α’στοὶ
1070 1826 1305 1876 α’κούοντες
1345 1829 1535 1886 κρύφιον

224 1905 373 1959 θυμὸν
403 1904 650 1964 βαρύνουσι
680 1904 873 1960 μάλιστ’
894 1905 1134 1945 ἐσθλοῖσιν
1172 1902 1238 1946 ἐπ’
1266 1903 1532 1962 ἀλλοτρίοις.

748 2035 908 2082 Pyth.
935 2034 1013 2072 11.

346 2136 399 2177 In
436 2147 475 2175 v.
510 2133 568 2175 26
606 2131 742 2174 verba
783 2129 955 2187 μακρὸν
999 2132 1089 2188 οὐχ
1128 2130 1356 2186 ὑπέμεινεν
1399 2127 1535 2187 ὄλβον

228 2207 489 2263 interpretes
531 2214 725 2248 vertunt:
773 2206 936 2264 largam
982 2222 1076 2249 non
1123 2206 1223 2247 tulit
1267 2204 1531 2247 felicitatem.

227 2281 365 2338 Quod
403 2282 535 2323 verba
573 2296 665 2322 non
710 2279 878 2322 dieunt.
959 2281 1121 2323 Fefellit
1160 2295 1242 2321 vox
1279 2278 1534 2334 ὑπέμεινεν,

232 2369 351 2398 nunc
380 2354 437 2396 de
467 2363 669 2412 tempore
699 2362 869 2395 tantum
902 2354 1032 2397 dicta.
1093 2353 1275 2411 Μακρὰς
1293 2352 1422 2411 ὄλβος
1445 2370 1541 2397 nou

233 2432 419 2488 largam,
458 2429 537 2472 sed
580 2429 754 2486 longam
794 2428 1042 2472 felicitatem
1083 2429 1309 2487 significat.
1387 2430 1541 2488 Neque

230 2516 378 2553 tamen
410 2503 580 2564 μακρόν
611 2504 910 2562 praedicatum
940 2513 1017 2547 est.

347 2582 392 2626 V.
426 2584 497 2626 30,
544 2580 594 2626 αἱ
633 2576 716 2624 δύο
764 2576 804 2621 δ’
848 2576 1103 2635 ἀμπλακίαι
1145 2579 1380 2639 φερέπονοι
1418 2582 1544 2627 τελέτ-
