1783 3070
719 188 1010 229 ...23-

229 304 469 360 ··canentis‚
497 305 687 364 benigne
729 305 949 363 excipias«
1020 302 1283 346 Boeckhius:
1325 303 1399 345 υτὸ
1430 306 1521 345 Κα-

226 376 451 434 »στόρειον
481 380 592 421 nihil
622 380 741 423 aliud
772 388 836 422 est
867 379 947 422 nisi
985 375 1100 418 αὐτὸ
1132 380 1271 418 τοῦτο
1302 377 1358 419 τὸ
1389 377 1519 432 μέλος

228 452 525 509 ηΚαστόρειον
541 451 613 497 ὄν;
647 470 794 512 neque
818 455 894 509 μὲν
930 462 972 496 et
1002 449 1049 494 δὲ
1082 452 1410 509 oppositionem
1440 452 1520 495 de-

229 527 395 583 »clarat,
420 527 499 570 sed
515 528 848 574 connectendae
865 529 1039 586 utrique
1054 526 1298 573 ,sententiae
1325 526 1519 580 inservit,

229 602 308 644 ”ita
339 601 539 659 quidem,
556 603 729 646 utillud
755 604 834 658 μὲν
866 612 915 646 et
934 598 982 645 δὲ
1011 618 1102 645 non
1133 601 1225 643 sola
1250 600 1383 643 verba
1413 595 1520 642 τόδε
1565 599 1567 601 ’

230 684 293 718 ”et
322 675 378 718 τὸ
414 676 690 735 Καστόρειον
723 677 907 735 afficiat,
939 677 1017 720 sed
1047 678 1233 736 integras
1262 674 1520 734 sententias:

229 751 471 806 »πέμπεται
503 754 584 808 μὲν
614 749 721 796 τόδε
753 752 883 809 μέλος
914 755 1024 810 ὑπὲρ
1060 752 1189 803 ἁλὸς,
1229 743 1427 810 ἄθρησον
1473 745 1522 791 δὲ

228 825 304 867 »τὸ
338 826 613 885 Καστόρειον
654 827 772 870 ἑκών.
836 829 895 871 Ex
937 843 1025 885 qua
1066 826 1426 885 interpretatione
1465 823 1523 865 τὸ

231 901 549 958 ”Kanum-opetum
578 903 702 959 quod
729 904 880 945 abesse
910 910 1104 959 poterat,
1134 901 1415 944 accuratioris
1445 899 1524 941 de·-

229 975 461 1017 »finitionis
491 990 618 1018 causa
650 975 850 1018 additum
887 975 1155 1018 censendum
1200 983 1298 1017 est-0«
1379 975 1524 1017 Disse-

220 1050 337 1094 nius:
387 1050 687 1107 »prooemium
731 1050 936 1093 carminis
975 1049 1240 1093 crediderim
1268 1048 1521 1092 Castoreum

226 1124 347 1181 venei,
374 1125 579 1167 bellicum
614 1125 776 1183 pariter
810 1132 853 1167 et
884 1124 1043 1167 curulis
1069 1124 1277 1167 victoriae
1301 1123 1431 1167 laude
1452 1140 1523 1166 re-

225 1200 425 1256 ··pletum.
458 1224 517 1234 -
580 1200 751 1242 Etenim
795 1200 984 1243 universi
1023 1200 1109 1242 loci
1146 1215 1320 1243 sensum
1362 1214 1520 1241 censeo

224 1274 383 1319 ”huno
409 1290 520 1317 esse:
567 1275 783 1318 Pindarus
828 1274 1147 1318 commendans
1177 1274 1356 1317 Hieroni
1397 1274 1522 1329 haec,

226 1363 360 1406 ”quae
391 1350 548 1405 mittit,
577 1351 770 1407 primum
800 1348 856 1391 de
885 1358 982 1393 toto
1023 1349 1217 1393 carmine
1259 1348 1391 1403 dicit,
1426 1356 1520 1391 tum

225 1423 302 1466 ”de
333 1424 515 1468 introitu
547 1426 824 1483 specialiter,
865 1426 909 1470 in
941 1441 1032 1484 quo
1064 1425 1253 1468 maxime
1294 1422 1518 1467 offendere

226 1498 470 1541 ”debebant
510 1499 703 1543 chordae
740 1500 930 1557 aeoliae,
969 1501 1028 1543 ob
1069 1499 1288 1558 reliquum
1317 1498 1522 1547 carminis

226 1583 548 1631 »argumentum
579 1576 774 1620 electae.‹·
846 1576 1019 1631 Quibus
1056 1591 1201 1618 meam
1240 1574 1359 1618 addo
1400 1574 1521 1631 cogi-

217 1648 445 1691 tationem.
507 1650 721 1693 Pindarus
752 1652 807 1694 ab
837 1651 1028 1694 Hierone
1060 1651 1283 1705 invitatus,
1316 1658 1366 1692 ut
1393 1649 1522 1708 Syra-

218 1739 340 1766 cusas
369 1726 537 1767 veniret
565 1726 799 1783 ipsumque
833 1727 1101 1769 carminibus
1132 1727 1387 1780 celebraret,
1402 1740 1522 1768 nunc

220 1798 428 1855 quidem,
466 1798 647 1842 Graecia
689 1816 783 1844 non
822 1801 997 1856 relicta,
1036 1801 1171 1843 mittit
1208 1815 1399 1843 carmen.
1472 1799 1521 1842 In

221 1873 344 1913 cuius
370 1873 483 1915 fine:
514 1878 666 1935 χαῖρε)
710 1875 869 1932 inquit,
898 1872 1003 1920 τόδε
1031 1877 1110 1929 μὲν
1127 1874 1243 1915 κατά
1273 1873 1521 1916 Φοίνισσαν

220 1945 420 2001 ἑμπολοὲν
451 1945 581 2002 μέλος
611 1950 722 2006 ὑπὲρ
753 1948 909 1997 πολιᾶς
939 1949 1047 1997 ἁλὸς
1077 1948 1316 2003 πέμπεται·
1358 1957 1523 2003 tamen,

222 2037 320 2063 cum
349 2023 404 2064 sit
435 2038 611 2067 carmen
639 2025 685 2066 in
715 2033 759 2066 te
786 2024 1076 2066 laudatorium
1103 2023 1158 2065 de
1178 2023 1364 2065 victoria
1384 2023 1521 2065 curtili

221 2097 292 2149 (τὸ
327 2097 604 2156 Καστόρειον
635 2096 702 2152 δὲ)
735 2114 785 2142 ac
811 2098 1163 2157 splendidissima
1195 2098 1365 2141 ratione
1389 2113 1522 2141 *com-

219 2173 409 2229 positum
443 2176 507 2228 (ἐν
539 2171 804 2217 Αἰολίδεσσι
834 2171 1038 2235 χόρδαις)
1073 2171 1271 2233 ἄθρησον
1302 2174 1435 2234 χάριν
1456 2175 1524 2216 ἑκ-

217 2249 448 2305 τακτύπου
479 2249 719 2308 φόρμιγγος
759 2250 1009 2306 α’ντόμενος.
1040 2274 1096 2281 -
1158 2249 1359 2292 Ceterum
1396 2265 1522 2292 com-

223 2324 459 2378 parationis
492 2340 591 2367 cum
626 2326 725 2367 navi
749 2326 986 2368 Phoenicia
1017 2324 1150 2368 cardo
1181 2333 1300 2367 totus
1331 2332 1524 2367 versatur

220 2396 264 2437 in
295 2396 589 2456 descriptione
620 2400 794 2458 poetica
813 2403 895 2442 τοῦ
910 2397 1171 2456 πέμπεσθαι
1187 2416 1237 2442 ex
1258 2399 1520 2457 longinquo.

338 2472 461 2526 Quae
495 2490 613 2517 nunc
634 2484 877 2533 sequuntur
907 2475 964 2519 ad
983 2476 1118 2517 finem
1146 2490 1286 2532 usque
1314 2472 1521 2516 carminis

216 2544 296 2588 etsi
329 2549 662 2605 explicationem
701 2550 953 2596 desiderant
988 2566 1110 2594 suam
1150 2546 1296 2594 adhuc
1337 2546 1519 2605 singula,
