1783 3070
204 333 262 374 de
286 345 435 373 errore
463 341 669 389 poterant
693 334 839 375 verbis
861 333 1000 374 ἐσλῶν
1031 332 1185 378 καλοῖς
1216 326 1370 387 ἔργοις,
1401 344 1516 385 quae

206 422 300 450 non
333 405 416 449 nisi
448 406 495 450 in
526 407 739 451 sententia
769 406 960 465 generali
989 405 1077 450 dici
1097 410 1356 465 potuerunt.
1402 403 1514 461 Ergo

202 480 329 537 κόρος
356 496 449 522 non
480 481 645 523 dictum
676 490 771 523 erat
800 481 857 522 de
888 473 1077 537 fastidio,
1108 480 1235 539 quod
1266 480 1314 521 in
1343 478 1516 520 Thero-

203 571 306 600 nem
337 556 558 601 ceciderit.
693 547 695 550 ’

677 685 889 733 olymp.
917 684 1026 724 111.

322 780 371 822 In
396 779 541 822 verbis
571 793 611 821 v.
634 779 690 822 36
722 783 818 828 τοῖς
841 779 924 839 γὰρ
955 779 1204 837 ἐπέτραπεν
1224 773 1510 834 Οὐλυμπόνδ’

202 853 279 896 ἰὼν
309 853 486 902 θαητὸν
516 854 660 910 ἀγῶνα
690 853 834 910 νέμειν
867 865 1001 914 poeta
1031 854 1271 897 lectoribus
1311 853 1511 896 fraudem

203 928 317 971 fecit.
380 929 471 987 Qui
497 930 669 987 plenius
696 930 755 973 ita
782 929 975 973 dixisset:
1003 931 1051 973 hi
1085 930 1205 972 enim
1238 935 1376 986 erant,
1407 929 1511 987 qui-

202 1003 285 1046 bus
329 1002 565 1047 traditurus
613 1013 705 1047 erat
751 1014 973 1048 certamen
1016 998 1300 1063 olympicum.
1384 1003 1513 1058 Quae

203 1079 418 1123 Pindarus
447 1080 678 1124 narrando
708 1081 968 1140 praegressis
998 1080 1196 1136 addidit,
1234 1095 1327 1122 non
1365 1080 1510 1122 solum

206 1171 299 1199 non
331 1154 504 1199 dicens:
536 1156 583 1199 hi
615 1156 734 1199 enim
766 1161 910 1212 erant,
940 1156 1101 1213 quibus
1132 1163 1285 1213 postea
1313 1154 1512 1212 tradidit,

201 1230 280 1273 sed
304 1231 558 1273 brevissime
585 1231 667 1273 sic:
697 1230 767 1273 his
790 1231 909 1272 enim
927 1229 1123 1273 tradidit.
1185 1228 1316 1273 Cuius
1347 1230 1511 1273 dictio-

203 1305 271 1348 nis
300 1306 342 1347 vi
370 1320 463 1347 non
494 1305 714 1347 intellecta
740 1305 1016 1361 interpretes,
1046 1306 1226 1362 regressi
1258 1305 1315 1347 ad
1334 1320 1507 1347 versum

202 1377 569 1437 praecedentem,
599 1378 733 1422 verba
762 1378 941 1421 ταύταν
969 1377 1130 1436 ἑορτάν
1157 1377 1213 1422 de
1230 1378 1510 1438 Agrigentino

205 1455 519 1497 Dioscurorum
561 1455 670 1497 festo
707 1455 948 1512 intelligere
991 1469 1037 1495 se
1081 1454 1246 1496 debere
1284 1443 1514 1512 putabant.

205 1530 330 1586 Quae
356 1531 603 1574 necessario
633 1529 690 1574 de
714 1530 919 1589 Olympia
948 1529 1065 1574 dicta
1095 1538 1207 1574 sunt.
1247 1530 1359 1574 Hinc
1374 1526 1512 1579 ἵλαος.

326 1608 557 1649 Praeterea
585 1608 667 1649 sub
701 1606 862 1658 exitum
891 1595 1096 1648 carminis
1127 1608 1174 1648 in
1200 1606 1345 1647 verbis
1374 1609 1452 1647 νῦν
1468 1620 1514 1661 γε

204 1681 310 1741 πρὸς
357 1681 584 1739 ἐσχατιὰν
629 1682 779 1738 Θήρων
826 1682 1063 1738 ἀρεταῖσιν
1112 1680 1270 1723 ἱκάνων
1316 1677 1515 1723 ἅπτεται

201 1757 376 1797 οῑκοὲεν
414 1755 649 1813 Ἡρακλέος
695 1756 875 1797 σταλᾶν
923 1756 1084 1814 iniuria
1128 1755 1233 1797 inde
1278 1770 1304 1797 a
1348 1756 1515 1814 graecis

205 1831 383 1874 scholiis
414 1845 570 1875 omnes
603 1845 759 1874 vocem
790 1831 965 1872 οἴκοθεν
997 1830 1250 1888 subripiunt
1280 1846 1331 1873 ex
1360 1831 1516 1889 imagi-

205 1922 278 1963 ne,
308 1907 380 1950 cui
412 1907 658 1951 necessario
682 1907 895 1966 implicita
913 1915 989 1949 est.
1052 1906 1278 1949 Anxietate
1306 1906 1515 1965 quadam,

206 1987 384 2041 opinor,
414 1983 604 2025 maxime
635 1981 756 2025 ducti
788 1983 1022 2025 immerita.
1078 1982 1292 2025 Vitiosum
1324 1982 1435 2024 mihi
1466 1982 1513 2024 in

204 2058 292 2101 hoc
324 2058 424 2101 loco
452 2056 638 2114 videtur,
670 2072 824 2100 vocem
857 2058 1033 2098 οἴκοθεν
1064 2056 1120 2100 de
1152 2057 1291 2100 insitis
1310 2056 1429 2116 genti
1447 2056 1514 2100 vel

203 2133 398 2174 Tberoni
427 2133 660 2175 virtutibus
691 2132 903 2188 accipere.
967 2132 1141 2187 Verum,
1173 2147 1272 2174 cum
1305 2132 1434 2188 copia
1451 2132 1515 2173 fe-

204 2207 379 2251 licitatis
419 2207 466 2250 in
513 2207 701 2265 imagine
743 2206 1065 2266 longinquitate
1111 2207 1230 2264 viae,
1278 2223 1517 2268 quousque

202 2282 340 2340 gloria
370 2282 464 2323 eius
501 2281 679 2336 tendat,
718 2281 1019 2336 describatur,
1051 2283 1136 2323 iam
1181 2297 1301 2325 nunc
1338 2284 1516 2328 initium

203 2357 297 2400 viae
328 2364 540 2414 tanquam
564 2370 767 2399 mensura
792 2354 904 2398 illius
920 2355 1109 2399 additur.
1152 2356 1247 2400 Hoc
1261 2367 1348 2402 est:
1375 2355 1516 2402 ἅπτε-

204 2447 283 2473 ται
314 2432 489 2472 οῖκοὲεν
514 2431 750 2489 Ἡρακλέος
782 2430 975 2474 σταλᾶν.
1018 2431 1187 2474 Eodem
1204 2433 1343 2476 modo
1361 2435 1519 2480 eadem

206 2508 338 2552 verba
370 2505 628 2565 accipienda
661 2514 761 2549 sunt
792 2505 849 2548 de
882 2504 1184 2566 Cleonymidis
1215 2508 1260 2551 in
1292 2509 1443 2553 Isthm.
1469 2513 1523 2557 lll

207 2599 256 2627 v.v
281 2587 339 2627 30
379 2581 581 2641 ἀνορέαις
625 2579 670 2624 δ’
713 2582 992 2642 ἐσχάταισιν
1047 2584 1224 2629 οἰκοθεν
1275 2587 1527 2632 στάλαισιν
