<?xml version="1.0" encoding="UTF-8"?>
<!DOCTYPE html PUBLIC "-//W3C//DTD XHTML 1.0 Transitional//EN"
    "http://www.w3.org/TR/xhtml1/DTD/xhtml1-transitional.dtd">
<html xmlns="http://www.w3.org/1999/xhtml" xml:lang="en" lang="en">
 <head>
  <title>
</title>
<meta http-equiv="Content-Type" content="text/html;charset=utf-8" />
  <meta name='ocr-system' content='tesseract 3.04.00' />
  <meta name='ocr-capabilities' content='ocr_page ocr_carea ocr_par ocr_line ocrx_word'/>
</head>
<body>
  <div class='ocr_page' id='page_1' title='image "4630637_0037.png"; bbox 0 0 1783 3070; ppageno 0'>
   <div class='ocr_carea' id='block_1_1' title="bbox 721 230 1020 269">
    <p class='ocr_par' dir='ltr' id='par_1_1' title="bbox 721 230 1020 269">
     <span class='ocr_line' id='line_1_1' title="bbox 721 230 1020 269; baseline 0.003 -8"><span class='ocrx_word' id='word_1_1' title='bbox 721 230 1020 269; x_wconf 76' lang='lat'><strong>—27—</strong></span> 
     </span>
    </p>
   </div>
   <div class='ocr_carea' id='block_1_2' title="bbox 205 342 1525 2638">
    <p class='ocr_par' dir='ltr' id='par_1_2' title="bbox 213 342 1519 1074">
     <span class='ocr_line' id='line_1_2' title="bbox 219 342 1518 402; baseline -0.002 -16"><span class='ocrx_word' id='word_1_2' title='bbox 219 344 393 402; x_wconf 86' lang='lat' dir='ltr'><strong>sapiens</strong></span> <span class='ocrx_word' id='word_1_3' title='bbox 421 343 501 400; x_wconf 81' lang='lat' dir='ltr'><strong>sit,</strong></span> <span class='ocrx_word' id='word_1_4' title='bbox 530 345 684 389; x_wconf 83' lang='lat' dir='ltr'><strong>melius</strong></span> <span class='ocrx_word' id='word_1_5' title='bbox 715 361 807 389; x_wconf 92' lang='lat' dir='ltr'><strong>esse</strong></span> <span class='ocrx_word' id='word_1_6' title='bbox 837 360 1015 402; x_wconf 77' lang='lat' dir='ltr'><strong>curare,</strong></span> <span class='ocrx_word' id='word_1_7' title='bbox 1052 352 1102 388; x_wconf 91' lang='lat' dir='ltr'><strong>ut</strong></span> <span class='ocrx_word' id='word_1_8' title='bbox 1133 343 1232 387; x_wconf 83' lang='lat' dir='ltr'><strong>felix</strong></span> <span class='ocrx_word' id='word_1_9' title='bbox 1263 342 1351 398; x_wconf 80' lang='lat' dir='ltr'><strong>sis,</strong></span> <span class='ocrx_word' id='word_1_10' title='bbox 1385 346 1518 400; x_wconf 77' lang='lat' dir='ltr'><strong>quani</strong></span> 
     </span>
     <span class='ocr_line' id='line_1_3' title="bbox 217 418 1519 478; baseline -0.002 -17"><span class='ocrx_word' id='word_1_11' title='bbox 217 418 427 461; x_wconf 87' lang='lat' dir='ltr'><strong>conviciis</strong></span> <span class='ocrx_word' id='word_1_12' title='bbox 451 421 492 467; x_wconf 81' lang='grc' dir='ltr'><strong>ἐς</strong></span> <span class='ocrx_word' id='word_1_13' title='bbox 522 420 786 478; x_wconf 76' lang='grc' dir='ltr'><strong><em>ἀμαχανίαν</em></strong></span> <span class='ocrx_word' id='word_1_14' title='bbox 816 429 861 462; x_wconf 89' lang='lat' dir='ltr'><strong>te</strong></span> <span class='ocrx_word' id='word_1_15' title='bbox 892 421 1123 463; x_wconf 87' lang='lat' dir='ltr'><strong>coniicere.</strong></span> <span class='ocrx_word' id='word_1_16' title='bbox 1187 419 1295 461; x_wconf 87' lang='lat' dir='ltr'><strong>Nam</strong></span> <span class='ocrx_word' id='word_1_17' title='bbox 1328 418 1389 459; x_wconf 83' lang='lat' dir='ltr'><strong>ita</strong></span> <span class='ocrx_word' id='word_1_18' title='bbox 1419 433 1519 458; x_wconf 88' lang='lat' dir='ltr'><strong>sen-</strong></span> 
     </span>
     <span class='ocr_line' id='line_1_4' title="bbox 218 492 1519 554; baseline -0.002 -19"><span class='ocrx_word' id='word_1_19' title='bbox 218 508 289 536; x_wconf 92' lang='lat' dir='ltr'><strong>sus</strong></span> <span class='ocrx_word' id='word_1_20' title='bbox 320 495 558 539; x_wconf 87' lang='lat' dir='ltr'><strong>sententiae</strong></span> <span class='ocrx_word' id='word_1_21' title='bbox 584 496 795 554; x_wconf 86' lang='lat' dir='ltr'><strong>generalis</strong></span> <span class='ocrx_word' id='word_1_22' title='bbox 826 496 1115 552; x_wconf 77' lang='lat' dir='ltr'><strong>perpetuitate</strong></span> <span class='ocrx_word' id='word_1_23' title='bbox 1155 493 1288 537; x_wconf 89' lang='lat' dir='ltr'><strong>huius</strong></span> <span class='ocrx_word' id='word_1_24' title='bbox 1324 492 1411 534; x_wconf 88' lang='lat' dir='ltr'><strong>loci</strong></span> <span class='ocrx_word' id='word_1_25' title='bbox 1448 506 1519 534; x_wconf 89' lang='lat' dir='ltr'><strong>re-</strong></span> 
     </span>
     <span class='ocr_line' id='line_1_5' title="bbox 216 567 1519 627; baseline -0.002 -18"><span class='ocrx_word' id='word_1_26' title='bbox 216 568 461 627; x_wconf 78' lang='lat' dir='ltr'><strong>stringitur,</strong></span> <span class='ocrx_word' id='word_1_27' title='bbox 497 578 545 612; x_wconf 88' lang='lat' dir='ltr'><strong>ut</strong></span> <span class='ocrx_word' id='word_1_28' title='bbox 585 582 679 612; x_wconf 86' lang='lat' dir='ltr'><strong>non</strong></span> <span class='ocrx_word' id='word_1_29' title='bbox 716 569 989 625; x_wconf 80' lang='lat' dir='ltr'><strong>universum,</strong></span> <span class='ocrx_word' id='word_1_30' title='bbox 1027 568 1138 627; x_wconf 87' lang='lat' dir='ltr'><strong>quid</strong></span> <span class='ocrx_word' id='word_1_31' title='bbox 1180 568 1402 626; x_wconf 89' lang='lat' dir='ltr'><strong>optimum</strong></span> <span class='ocrx_word' id='word_1_32' title='bbox 1448 567 1519 620; x_wconf 74' lang='lat' dir='ltr'><strong>sit,</strong></span> 
     </span>
     <span class='ocr_line' id='line_1_6' title="bbox 216 626 1517 703; baseline -0.002 -18"><span class='ocrx_word' id='word_1_33' title='bbox 216 641 386 687; x_wconf 89' lang='lat' dir='ltr'><strong>dicatur</strong></span> <span class='ocrx_word' id='word_1_34' title='bbox 394 671 421 701; x_wconf 83' lang='grc'><strong>,-</strong></span> <span class='ocrx_word' id='word_1_35' title='bbox 439 644 518 687; x_wconf 90' lang='lat' dir='ltr'><strong>sed</strong></span> <span class='ocrx_word' id='word_1_36' title='bbox 545 658 596 686; x_wconf 85' lang='lat' dir='ltr'><strong>ex</strong></span> <span class='ocrx_word' id='word_1_37' title='bbox 626 642 799 686; x_wconf 91' lang='lat' dir='ltr'><strong>duobus</strong></span> <span class='ocrx_word' id='word_1_38' title='bbox 825 645 1005 688; x_wconf 80' lang='lat' dir='ltr'><strong>alterum</strong></span> <span class='ocrx_word' id='word_1_39' title='bbox 1037 644 1239 703; x_wconf 71' lang='lat' dir='ltr'><strong>eligatur:</strong></span> <span class='ocrx_word' id='word_1_40' title='bbox 1269 626 1517 700; x_wconf 73' lang='lat' dir='ltr'><strong>sapientem</strong></span> 
     </span>
     <span class='ocr_line' id='line_1_7' title="bbox 216 715 1517 775; baseline -0.002 -16"><span class='ocrx_word' id='word_1_41' title='bbox 216 732 307 760; x_wconf 87' lang='lat' dir='ltr'><strong>esse</strong></span> <span class='ocrx_word' id='word_1_42' title='bbox 337 727 381 760; x_wconf 89' lang='lat' dir='ltr'><strong>et</strong></span> <span class='ocrx_word' id='word_1_43' title='bbox 410 716 671 775; x_wconf 77' lang='grc' dir='ltr'><strong><em>βαρυλόγοις</em></strong></span> <span class='ocrx_word' id='word_1_44' title='bbox 709 715 856 760; x_wconf 78' lang='grc' dir='ltr'><strong><em>ἔπεσιν</em></strong></span> <span class='ocrx_word' id='word_1_45' title='bbox 895 721 936 767; x_wconf 80' lang='grc' dir='ltr'><strong>ἐς</strong></span> <span class='ocrx_word' id='word_1_46' title='bbox 976 715 1244 774; x_wconf 77' lang='grc' dir='ltr'><strong><em>ἀμαχανίαν</em></strong></span> <span class='ocrx_word' id='word_1_47' title='bbox 1284 732 1331 758; x_wconf 88' lang='lat' dir='ltr'><strong>se</strong></span> <span class='ocrx_word' id='word_1_48' title='bbox 1372 716 1517 758; x_wconf 87' lang='lat' dir='ltr'><strong>conii-</strong></span> 
     </span>
     <span class='ocr_line' id='line_1_8' title="bbox 215 790 1519 851; baseline -0.002 -16"><span class='ocrx_word' id='word_1_49' title='bbox 215 807 328 849; x_wconf 78' lang='lat' dir='ltr'><strong>cere,</strong></span> <span class='ocrx_word' id='word_1_50' title='bbox 359 801 410 835; x_wconf 90' lang='lat' dir='ltr'><strong>ut</strong></span> <span class='ocrx_word' id='word_1_51' title='bbox 434 792 719 836; x_wconf 83' lang='lat' dir='ltr'><strong>Archilochus</strong></span> <span class='ocrx_word' id='word_1_52' title='bbox 748 794 918 851; x_wconf 86' lang='lat' dir='ltr'><strong>sapiens</strong></span> <span class='ocrx_word' id='word_1_53' title='bbox 944 793 1116 848; x_wconf 82' lang='lat' dir='ltr'><strong>fecerit,</strong></span> <span class='ocrx_word' id='word_1_54' title='bbox 1146 792 1236 834; x_wconf 88' lang='lat' dir='ltr'><strong>hoc</strong></span> <span class='ocrx_word' id='word_1_55' title='bbox 1258 805 1350 833; x_wconf 90' lang='lat' dir='ltr'><strong>esse</strong></span> <span class='ocrx_word' id='word_1_56' title='bbox 1373 790 1519 832; x_wconf 90' lang='lat' dir='ltr'><strong>minus</strong></span> 
     </span>
     <span class='ocr_line' id='line_1_9' title="bbox 213 865 1519 923; baseline -0.002 -16"><span class='ocrx_word' id='word_1_57' title='bbox 213 866 431 922; x_wconf 87' lang='lat' dir='ltr'><strong>prudens:</strong></span> <span class='ocrx_word' id='word_1_58' title='bbox 470 866 527 907; x_wconf 89' lang='grc' dir='ltr'><strong>τὸ</strong></span> <span class='ocrx_word' id='word_1_59' title='bbox 559 867 767 909; x_wconf 80' lang='grc' dir='ltr'><strong><em>πλουτεῖν</em></strong></span> <span class='ocrx_word' id='word_1_60' title='bbox 804 865 853 909; x_wconf 84' lang='grc' dir='ltr'><strong>δὲ</strong></span> <span class='ocrx_word' id='word_1_61' title='bbox 885 868 970 909; x_wconf 90' lang='grc' dir='ltr'><strong>σὺν</strong></span> <span class='ocrx_word' id='word_1_62' title='bbox 1003 867 1138 923; x_wconf 75' lang='grc' dir='ltr'><strong><em>’τύχᾳ</em></strong></span> <span class='ocrx_word' id='word_1_63' title='bbox 1177 865 1383 919; x_wconf 83' lang='grc' dir='ltr'><strong><em>πότμου,</em></strong></span> <span class='ocrx_word' id='word_1_64' title='bbox 1428 865 1519 905; x_wconf 87' lang='lat' dir='ltr'><strong>hoc</strong></span> 
     </span>
     <span class='ocr_line' id='line_1_10' title="bbox 216 937 1518 998; baseline -0.002 -17"><span class='ocrx_word' id='word_1_65' title='bbox 216 955 308 982; x_wconf 89' lang='lat' dir='ltr'><strong>esse</strong></span> <span class='ocrx_word' id='word_1_66' title='bbox 340 941 571 998; x_wconf 88' lang='lat' dir='ltr'><strong>optimum.</strong></span> <span class='ocrx_word' id='word_1_67' title='bbox 629 941 761 996; x_wconf 80' lang='lat' dir='ltr'><strong>Quae</strong></span> <span class='ocrx_word' id='word_1_68' title='bbox 792 942 895 998; x_wconf 77' lang='lat' dir='ltr'><strong>dici,</strong></span> <span class='ocrx_word' id='word_1_69' title='bbox 926 951 976 986; x_wconf 91' lang='lat' dir='ltr'><strong>ut</strong></span> <span class='ocrx_word' id='word_1_70' title='bbox 1004 941 1212 984; x_wconf 80' lang='lat' dir='ltr'><strong>transitus</strong></span> <span class='ocrx_word' id='word_1_71' title='bbox 1241 939 1320 982; x_wconf 89' lang='lat' dir='ltr'><strong>fiat</strong></span> <span class='ocrx_word' id='word_1_72' title='bbox 1345 937 1402 981; x_wconf 86' lang='lat' dir='ltr'><strong>ad</strong></span> <span class='ocrx_word' id='word_1_73' title='bbox 1415 938 1518 980; x_wconf 87' lang='lat' dir='ltr'><strong>Hie-</strong></span> 
     </span>
     <span class='ocr_line' id='line_1_11' title="bbox 214 1015 1368 1074; baseline -0.002 -18"><span class='ocrx_word' id='word_1_74' title='bbox 214 1015 336 1056; x_wconf 88' lang='lat' dir='ltr'><strong>ronis</strong></span> <span class='ocrx_word' id='word_1_75' title='bbox 368 1015 538 1058; x_wconf 84' lang='lat' dir='ltr'><strong>divitias</strong></span> <span class='ocrx_word' id='word_1_76' title='bbox 570 1031 812 1074; x_wconf 87' lang='lat' dir='ltr'><strong>eorumque</strong></span> <span class='ocrx_word' id='word_1_77' title='bbox 841 1031 984 1068; x_wconf 89' lang='lat' dir='ltr'><strong>usum,</strong></span> <span class='ocrx_word' id='word_1_78' title='bbox 1015 1015 1168 1058; x_wconf 84' lang='lat' dir='ltr'><strong>vident</strong></span> <span class='ocrx_word' id='word_1_79' title='bbox 1197 1026 1368 1056; x_wconf 78' lang='lat' dir='ltr'><strong>omneS.</strong></span> 
     </span>
    </p>

    <p class='ocr_par' dir='ltr' id='par_1_3' title="bbox 206 1085 1524 2029">
     <span class='ocr_line' id='line_1_12' title="bbox 325 1085 1520 1151; baseline -0.003 -19"><span class='ocrx_word' id='word_1_80' title='bbox 325 1090 378 1133; x_wconf 81' lang='lat' dir='ltr'><strong>.V.</strong></span> <span class='ocrx_word' id='word_1_81' title='bbox 412 1091 469 1135; x_wconf 85' lang='lat'><strong>65</strong></span> <span class='ocrx_word' id='word_1_82' title='bbox 501 1106 626 1151; x_wconf 86' lang='lat' dir='ltr'><strong>seqq.</strong></span> <span class='ocrx_word' id='word_1_83' title='bbox 667 1090 827 1151; x_wconf 84' lang='grc' dir='ltr'><strong><em>βουλαὶ</em></strong></span> <span class='ocrx_word' id='word_1_84' title='bbox 862 1089 912 1135; x_wconf 80' lang='grc' dir='ltr'><strong>δὲ</strong></span> <span class='ocrx_word' id='word_1_85' title='bbox 949 1089 1247 1150; x_wconf 77' lang='grc' dir='ltr'><strong><em>πρεσβύτεραι</em></strong></span> <span class='ocrx_word' id='word_1_86' title='bbox 1285 1085 1520 1131; x_wconf 75' lang='grc' dir='ltr'><strong><em>ἀκίνδυνον</em></strong></span> 
     </span>
     <span class='ocr_line' id='line_1_13' title="bbox 211 1162 1519 1222; baseline -0.002 -18"><span class='ocrx_word' id='word_1_87' title='bbox 211 1164 308 1218; x_wconf 78' lang='grc' dir='ltr'><strong><em>ἐμοὶ</em></strong></span> <span class='ocrx_word' id='word_1_88' title='bbox 339 1162 436 1213; x_wconf 79' lang='grc' dir='ltr'><strong><em>ἔπος</em></strong></span> <span class='ocrx_word' id='word_1_89' title='bbox 466 1165 571 1207; x_wconf 88' lang='grc' dir='ltr'><strong><em>ποτὶ</em></strong></span> <span class='ocrx_word' id='word_1_90' title='bbox 602 1167 654 1208; x_wconf 85' lang='grc' dir='ltr'><strong>σὲ</strong></span> <span class='ocrx_word' id='word_1_91' title='bbox 684 1167 837 1208; x_wconf 86' lang='grc' dir='ltr'><strong><em>πάντα</em></strong></span> <span class='ocrx_word' id='word_1_92' title='bbox 868 1166 999 1222; x_wconf 72' lang='grc' dir='ltr'><strong><em>λόγον</em></strong></span> <span class='ocrx_word' id='word_1_93' title='bbox 1031 1167 1228 1206; x_wconf 80' lang='grc' dir='ltr'><strong><em>ἐπαινεῖν</em></strong></span> <span class='ocrx_word' id='word_1_94' title='bbox 1258 1164 1519 1220; x_wconf 79' lang='grc' dir='ltr'><strong><em>παρέχοντι.</em></strong></span> 
     </span>
     <span class='ocr_line' id='line_1_14' title="bbox 212 1237 1520 1284; baseline -0.002 -3"><span class='ocrx_word' id='word_1_95' title='bbox 212 1240 273 1282; x_wconf 83' lang='lat' dir='ltr'><strong>lta</strong></span> <span class='ocrx_word' id='word_1_96' title='bbox 303 1240 378 1282; x_wconf 91' lang='lat' dir='ltr'><strong>hic</strong></span> <span class='ocrx_word' id='word_1_97' title='bbox 407 1241 529 1283; x_wconf 86' lang='lat' dir='ltr'><strong>locus</strong></span> <span class='ocrx_word' id='word_1_98' title='bbox 564 1256 589 1283; x_wconf 88' lang='lat' dir='ltr'><strong>a</strong></span> <span class='ocrx_word' id='word_1_99' title='bbox 625 1241 847 1284; x_wconf 84' lang='lat' dir='ltr'><strong>Boeckhio</strong></span> <span class='ocrx_word' id='word_1_100' title='bbox 880 1241 1141 1284; x_wconf 85' lang='lat' dir='ltr'><strong>constitutus</strong></span> <span class='ocrx_word' id='word_1_101' title='bbox 1179 1239 1365 1282; x_wconf 89' lang='lat' dir='ltr'><strong>omnino</strong></span> <span class='ocrx_word' id='word_1_102' title='bbox 1406 1237 1520 1280; x_wconf 85' lang='lat' dir='ltr'><strong>mihi</strong></span> 
     </span>
     <span class='ocr_line' id='line_1_15' title="bbox 211 1314 1520 1372; baseline -0.002 -18"><span class='ocrx_word' id='word_1_103' title='bbox 211 1314 365 1369; x_wconf 76' lang='lat' dir='ltr'><strong>piacet·</strong></span> <span class='ocrx_word' id='word_1_104' title='bbox 427 1315 695 1356; x_wconf 85' lang='lat' dir='ltr'><strong>Sententiam</strong></span> <span class='ocrx_word' id='word_1_105' title='bbox 726 1331 830 1357; x_wconf 82' lang='lat' dir='ltr'><strong>vero</strong></span> <span class='ocrx_word' id='word_1_106' title='bbox 861 1329 1041 1372; x_wconf 87' lang='lat' dir='ltr'><strong>prorsus</strong></span> <span class='ocrx_word' id='word_1_107' title='bbox 1072 1315 1201 1355; x_wconf 86' lang='lat' dir='ltr'><strong>aliam</strong></span> <span class='ocrx_word' id='word_1_108' title='bbox 1233 1314 1347 1369; x_wconf 84' lang='lat' dir='ltr'><strong>lego.</strong></span> <span class='ocrx_word' id='word_1_109' title='bbox 1394 1314 1520 1355; x_wconf 89' lang='lat' dir='ltr'><strong>Stru-</strong></span> 
     </span>
     <span class='ocr_line' id='line_1_16' title="bbox 212 1381 1522 1447; baseline -0.002 -17"><span class='ocrx_word' id='word_1_110' title='bbox 212 1396 379 1431; x_wconf 88' lang='lat' dir='ltr'><strong>cturam</strong></span> <span class='ocrx_word' id='word_1_111' title='bbox 396 1388 526 1432; x_wconf 84' lang='lat' dir='ltr'><strong>video</strong></span> <span class='ocrx_word' id='word_1_112' title='bbox 554 1389 689 1433; x_wconf 86' lang='lat' dir='ltr'><strong>hanc:</strong></span> <span class='ocrx_word' id='word_1_113' title='bbox 720 1388 880 1447; x_wconf 88' lang='grc' dir='ltr'><strong><em>βουλαὶ</em></strong></span> <span class='ocrx_word' id='word_1_114' title='bbox 898 1386 947 1431; x_wconf 73' lang='grc' dir='ltr'><strong>δὲ</strong></span> <span class='ocrx_word' id='word_1_115' title='bbox 959 1388 1258 1447; x_wconf 79' lang='grc' dir='ltr'><strong><em>πρεσβύτεραι</em></strong></span> <span class='ocrx_word' id='word_1_116' title='bbox 1271 1381 1522 1443; x_wconf 85' lang='grc' dir='ltr'><strong><em>παρέχοντί</em></strong></span> 
     </span>
     <span class='ocr_line' id='line_1_17' title="bbox 210 1458 1521 1517; baseline 0 -14"><span class='ocrx_word' id='word_1_117' title='bbox 210 1477 287 1517; x_wconf 85' lang='grc' dir='ltr'><strong>μοι</strong></span> <span class='ocrx_word' id='word_1_118' title='bbox 318 1458 548 1504; x_wconf 76' lang='grc' dir='ltr'><strong><em>ἀκίνδυνον</em></strong></span> <span class='ocrx_word' id='word_1_119' title='bbox 581 1460 676 1512; x_wconf 81' lang='grc' dir='ltr'><strong><em>ἔπος</em></strong></span> <span class='ocrx_word' id='word_1_120' title='bbox 685 1495 698 1515; x_wconf 86' lang='grc'>,</span> <span class='ocrx_word' id='word_1_121' title='bbox 729 1465 924 1505; x_wconf 84' lang='grc' dir='ltr'><strong><em>ἐπαινεῖν</em></strong></span> <span class='ocrx_word' id='word_1_122' title='bbox 963 1477 1016 1503; x_wconf 88' lang='grc' dir='ltr'><strong>σε</strong></span> <span class='ocrx_word' id='word_1_123' title='bbox 1045 1461 1152 1503; x_wconf 85' lang='grc' dir='ltr'><strong><em>ποτὶ</em></strong></span> <span class='ocrx_word' id='word_1_124' title='bbox 1191 1462 1345 1502; x_wconf 88' lang='grc' dir='ltr'><strong><em>πάντα</em></strong></span> <span class='ocrx_word' id='word_1_125' title='bbox 1376 1460 1521 1515; x_wconf 73' lang='grc' dir='ltr'><strong><em>λόγον.</em></strong></span> 
     </span>
     <span class='ocr_line' id='line_1_18' title="bbox 211 1535 1521 1596; baseline -0.004 -15"><span class='ocrx_word' id='word_1_126' title='bbox 211 1539 395 1582; x_wconf 83' lang='lat' dir='ltr'><strong>Sensum</strong></span> <span class='ocrx_word' id='word_1_127' title='bbox 420 1539 561 1581; x_wconf 80' lang='lat' dir='ltr'><strong>hunc:</strong></span> <span class='ocrx_word' id='word_1_128' title='bbox 592 1554 715 1581; x_wconf 88' lang='lat' dir='ltr'><strong>mens</strong></span> <span class='ocrx_word' id='word_1_129' title='bbox 744 1548 820 1582; x_wconf 88' lang='lat' dir='ltr'><strong>tua</strong></span> <span class='ocrx_word' id='word_1_130' title='bbox 846 1538 1086 1596; x_wconf 85' lang='lat' dir='ltr'><strong>sapientior</strong></span> <span class='ocrx_word' id='word_1_131' title='bbox 1107 1537 1322 1595; x_wconf 85' lang='lat' dir='ltr'><strong>permittit</strong></span> <span class='ocrx_word' id='word_1_132' title='bbox 1351 1544 1396 1577; x_wconf 92' lang='lat' dir='ltr'><strong>te</strong></span> <span class='ocrx_word' id='word_1_133' title='bbox 1426 1535 1521 1577; x_wconf 90' lang='lat' dir='ltr'><strong>sine</strong></span> 
     </span>
     <span class='ocr_line' id='line_1_19' title="bbox 210 1609 1520 1670; baseline -0.002 -18"><span class='ocrx_word' id='word_1_134' title='bbox 210 1611 406 1668; x_wconf 88' lang='lat' dir='ltr'><strong>periculo</strong></span> <span class='ocrx_word' id='word_1_135' title='bbox 437 1621 621 1670; x_wconf 87' lang='lat' dir='ltr'><strong>propter</strong></span> <span class='ocrx_word' id='word_1_136' title='bbox 652 1628 829 1654; x_wconf 89' lang='lat' dir='ltr'><strong>omnem</strong></span> <span class='ocrx_word' id='word_1_137' title='bbox 856 1628 951 1655; x_wconf 90' lang='lat' dir='ltr'><strong>rem</strong></span> <span class='ocrx_word' id='word_1_138' title='bbox 982 1612 1175 1655; x_wconf 89' lang='lat' dir='ltr'><strong>laudare.</strong></span> <span class='ocrx_word' id='word_1_139' title='bbox 1224 1609 1390 1652; x_wconf 84' lang='lat' dir='ltr'><strong>Laudat</strong></span> <span class='ocrx_word' id='word_1_140' title='bbox 1416 1609 1520 1650; x_wconf 90' lang='lat' dir='ltr'><strong>Hie-</strong></span> 
     </span>
     <span class='ocr_line' id='line_1_20' title="bbox 209 1684 1521 1745; baseline -0.002 -17"><span class='ocrx_word' id='word_1_141' title='bbox 209 1701 366 1728; x_wconf 87' lang='lat' dir='ltr'><strong>ronem</strong></span> <span class='ocrx_word' id='word_1_142' title='bbox 397 1687 591 1743; x_wconf 91' lang='lat' dir='ltr'><strong>primum</strong></span> <span class='ocrx_word' id='word_1_143' title='bbox 625 1697 807 1745; x_wconf 89' lang='lat' dir='ltr'><strong>propter</strong></span> <span class='ocrx_word' id='word_1_144' title='bbox 837 1686 1166 1742; x_wconf 80' lang='lat' dir='ltr'><strong>fortitudinem3</strong></span> <span class='ocrx_word' id='word_1_145' title='bbox 1207 1684 1372 1727; x_wconf 89' lang='lat' dir='ltr'><strong>deinde</strong></span> <span class='ocrx_word' id='word_1_146' title='bbox 1412 1698 1521 1741; x_wconf 91' lang='lat' dir='ltr'><strong>pro-</strong></span> 
     </span>
     <span class='ocr_line' id='line_1_21' title="bbox 209 1757 1524 1820; baseline -0.002 -19"><span class='ocrx_word' id='word_1_147' title='bbox 209 1768 309 1817; x_wconf 88' lang='lat' dir='ltr'><strong>pter</strong></span> <span class='ocrx_word' id='word_1_148' title='bbox 340 1776 518 1803; x_wconf 90' lang='lat' dir='ltr'><strong>omnem</strong></span> <span class='ocrx_word' id='word_1_149' title='bbox 550 1776 669 1819; x_wconf 79' lang='lat' dir='ltr'><strong>rem,</strong></span> <span class='ocrx_word' id='word_1_150' title='bbox 687 1777 819 1806; x_wconf 77' lang='lat' dir='ltr'><strong>nunc</strong></span> <span class='ocrx_word' id='word_1_151' title='bbox 847 1777 951 1805; x_wconf 85' lang='lat' dir='ltr'><strong>vero</strong></span> <span class='ocrx_word' id='word_1_152' title='bbox 985 1761 1242 1820; x_wconf 84' lang='lat' dir='ltr'><strong>sapientiam</strong></span> <span class='ocrx_word' id='word_1_153' title='bbox 1278 1760 1371 1802; x_wconf 89' lang='lat' dir='ltr'><strong>eius</strong></span> <span class='ocrx_word' id='word_1_154' title='bbox 1404 1757 1524 1816; x_wconf 87' lang='grc' dir='ltr'><strong><em>(βου-</em></strong></span> 
     </span>
     <span class='ocr_line' id='line_1_22' title="bbox 206 1833 1519 1893; baseline 0.006 -18"><span class='ocrx_word' id='word_1_155' title='bbox 206 1834 289 1883; x_wconf 76' lang='grc' dir='ltr'><strong>λάς</strong></span> <span class='ocrx_word' id='word_1_156' title='bbox 305 1835 621 1893; x_wconf 76' lang='grc' dir='ltr'><strong><em>πρεσβυτέρας)</em></strong></span> <span class='ocrx_word' id='word_1_157' title='bbox 655 1838 866 1880; x_wconf 87' lang='lat' dir='ltr'><strong>invocans</strong></span> <span class='ocrx_word' id='word_1_158' title='bbox 894 1847 945 1880; x_wconf 87' lang='lat' dir='ltr'><strong>ut</strong></span> <span class='ocrx_word' id='word_1_159' title='bbox 965 1836 1194 1880; x_wconf 86' lang='lat' dir='ltr'><strong>custodem</strong></span> <span class='ocrx_word' id='word_1_160' title='bbox 1213 1833 1384 1893; x_wconf 82' lang='grc' dir='ltr'><strong><em>ὕβρεως,</em></strong></span> <span class='ocrx_word' id='word_1_161' title='bbox 1404 1849 1519 1892; x_wconf 73' lang='lat' dir='ltr'><strong>quae</strong></span> 
     </span>
     <span class='ocr_line' id='line_1_23' title="bbox 207 1907 1518 1970; baseline -0.001 -20"><span class='ocrx_word' id='word_1_162' title='bbox 207 1909 382 1952; x_wconf 85' lang='lat' dir='ltr'><strong>laudem</strong></span> <span class='ocrx_word' id='word_1_163' title='bbox 414 1911 539 1968; x_wconf 89' lang='lat' dir='ltr'><strong>sequi</strong></span> <span class='ocrx_word' id='word_1_164' title='bbox 571 1913 722 1970; x_wconf 86' lang='lat' dir='ltr'><strong>possit.</strong></span> <span class='ocrx_word' id='word_1_165' title='bbox 789 1912 914 1967; x_wconf 87' lang='lat' dir='ltr'><strong>Quae</strong></span> <span class='ocrx_word' id='word_1_166' title='bbox 945 1912 1208 1970; x_wconf 85' lang='lat' dir='ltr'><strong>peritissime</strong></span> <span class='ocrx_word' id='word_1_167' title='bbox 1254 1910 1431 1951; x_wconf 83' lang='lat' dir='ltr'><strong>inventa</strong></span> <span class='ocrx_word' id='word_1_168' title='bbox 1463 1907 1518 1949; x_wconf 91' lang='lat' dir='ltr'><strong>de</strong></span> 
     </span>
     <span class='ocr_line' id='line_1_24' title="bbox 207 1985 646 2029; baseline 0.002 -3"><span class='ocrx_word' id='word_1_169' title='bbox 207 1985 398 2027; x_wconf 84' lang='lat' dir='ltr'><strong>Hierone</strong></span> <span class='ocrx_word' id='word_1_170' title='bbox 429 1985 646 2029; x_wconf 86' lang='lat' dir='ltr'><strong>videntur.</strong></span> 
     </span>
    </p>

    <p class='ocr_par' dir='ltr' id='par_1_4' title="bbox 205 2060 1525 2638">
     <span class='ocr_line' id='line_1_25' title="bbox 327 2060 1514 2120; baseline -0.003 -18"><span class='ocrx_word' id='word_1_171' title='bbox 327 2061 374 2102; x_wconf 90' lang='lat' dir='ltr'><strong>V.</strong></span> <span class='ocrx_word' id='word_1_172' title='bbox 408 2061 463 2105; x_wconf 87' lang='lat'><strong>67</strong></span> <span class='ocrx_word' id='word_1_173' title='bbox 497 2060 623 2120; x_wconf 82' lang='lat' dir='ltr'><strong>seqq.</strong></span> <span class='ocrx_word' id='word_1_174' title='bbox 687 2060 754 2104; x_wconf 86' lang='lat' dir='ltr'><strong>Ad</strong></span> <span class='ocrx_word' id='word_1_175' title='bbox 785 2061 906 2104; x_wconf 89' lang='lat' dir='ltr'><strong>hunc</strong></span> <span class='ocrx_word' id='word_1_176' title='bbox 935 2062 1081 2104; x_wconf 85' lang='lat' dir='ltr'><strong>locum</strong></span> <span class='ocrx_word' id='word_1_177' title='bbox 1116 2074 1291 2103; x_wconf 88' lang='lat' dir='ltr'><strong>neeesse</strong></span> <span class='ocrx_word' id='word_1_178' title='bbox 1334 2065 1397 2100; x_wconf 90' lang='lat' dir='ltr'><strong>est</strong></span> <span class='ocrx_word' id='word_1_179' title='bbox 1436 2071 1514 2098; x_wconf 86' lang='lat' dir='ltr'><strong>co-</strong></span> 
     </span>
     <span class='ocr_line' id='line_1_26' title="bbox 206 2131 1515 2193; baseline -0.004 -17"><span class='ocrx_word' id='word_1_180' title='bbox 206 2136 464 2191; x_wconf 82' lang='lat' dir='ltr'><strong>gitationem</strong></span> <span class='ocrx_word' id='word_1_181' title='bbox 498 2152 523 2179; x_wconf 84' lang='lat' dir='ltr'><strong>a</strong></span> <span class='ocrx_word' id='word_1_182' title='bbox 554 2137 684 2178; x_wconf 90' lang='lat' dir='ltr'><strong>nobis</strong></span> <span class='ocrx_word' id='word_1_183' title='bbox 712 2137 913 2191; x_wconf 74' lang='lat' dir='ltr'><strong>inveniri,</strong></span> <span class='ocrx_word' id='word_1_184' title='bbox 945 2152 1059 2193; x_wconf 87' lang='lat' dir='ltr'><strong>quae</strong></span> <span class='ocrx_word' id='word_1_185' title='bbox 1091 2134 1273 2177; x_wconf 88' lang='lat' dir='ltr'><strong>naturali</strong></span> <span class='ocrx_word' id='word_1_186' title='bbox 1301 2131 1438 2174; x_wconf 90' lang='lat' dir='ltr'><strong>modo</strong></span> <span class='ocrx_word' id='word_1_187' title='bbox 1471 2139 1515 2172; x_wconf 94' lang='lat' dir='ltr'><strong>et</strong></span> 
     </span>
     <span class='ocr_line' id='line_1_27' title="bbox 207 2207 1513 2266; baseline -0.002 -17"><span class='ocrx_word' id='word_1_188' title='bbox 207 2209 357 2264; x_wconf 87' lang='lat' dir='ltr'><strong>pulcre</strong></span> <span class='ocrx_word' id='word_1_189' title='bbox 388 2209 457 2251; x_wconf 88' lang='lat' dir='ltr'><strong>his</strong></span> <span class='ocrx_word' id='word_1_190' title='bbox 487 2210 630 2252; x_wconf 87' lang='lat' dir='ltr'><strong>verbis</strong></span> <span class='ocrx_word' id='word_1_191' title='bbox 662 2209 844 2252; x_wconf 87' lang='lat' dir='ltr'><strong>dicatur.</strong></span> <span class='ocrx_word' id='word_1_192' title='bbox 909 2210 1060 2264; x_wconf 86' lang='lat' dir='ltr'><strong>Qualis</strong></span> <span class='ocrx_word' id='word_1_193' title='bbox 1076 2217 1177 2266; x_wconf 89' lang='lat' dir='ltr'><strong>post</strong></span> <span class='ocrx_word' id='word_1_194' title='bbox 1193 2207 1374 2250; x_wconf 86' lang='lat' dir='ltr'><strong>reiectas</strong></span> <span class='ocrx_word' id='word_1_195' title='bbox 1386 2220 1513 2263; x_wconf 84' lang='lat' dir='ltr'><strong>grae-</strong></span> 
     </span>
     <span class='ocr_line' id='line_1_28' title="bbox 205 2283 1515 2340; baseline -0.002 -17"><span class='ocrx_word' id='word_1_196' title='bbox 205 2297 356 2323; x_wconf 85' lang='lat' dir='ltr'><strong>corum</strong></span> <span class='ocrx_word' id='word_1_197' title='bbox 400 2283 688 2339; x_wconf 84' lang='lat' dir='ltr'><strong>interpretum</strong></span> <span class='ocrx_word' id='word_1_198' title='bbox 737 2285 972 2340; x_wconf 90' lang='lat' dir='ltr'><strong>opiniones</strong></span> <span class='ocrx_word' id='word_1_199' title='bbox 1018 2283 1219 2325; x_wconf 89' lang='lat' dir='ltr'><strong>nondum</strong></span> <span class='ocrx_word' id='word_1_200' title='bbox 1257 2287 1515 2337; x_wconf 84' lang='lat' dir='ltr'><strong>recuperata</strong></span> 
     </span>
     <span class='ocr_line' id='line_1_29' title="bbox 208 2353 1516 2399; baseline -0.004 0"><span class='ocrx_word' id='word_1_201' title='bbox 208 2364 285 2399; x_wconf 88' lang='lat' dir='ltr'><strong>est.</strong></span> <span class='ocrx_word' id='word_1_202' title='bbox 346 2357 452 2399; x_wconf 83' lang='lat' dir='ltr'><strong>Nam</strong></span> <span class='ocrx_word' id='word_1_203' title='bbox 487 2356 761 2398; x_wconf 77' lang='lat' dir='ltr'><strong>Hei-mannus</strong></span> <span class='ocrx_word' id='word_1_204' title='bbox 792 2357 835 2399; x_wconf 90' lang='lat' dir='ltr'><strong>in</strong></span> <span class='ocrx_word' id='word_1_205' title='bbox 870 2356 1249 2399; x_wconf 88' lang='lat' dir='ltr'><strong>observationibus</strong></span> <span class='ocrx_word' id='word_1_206' title='bbox 1286 2354 1343 2396; x_wconf 89' lang='lat' dir='ltr'><strong>de</strong></span> <span class='ocrx_word' id='word_1_207' title='bbox 1375 2353 1516 2396; x_wconf 85' lang='lat' dir='ltr'><strong>diale-</strong></span> 
     </span>
     <span class='ocr_line' id='line_1_30' title="bbox 206 2427 1517 2488; baseline -0.004 -15"><span class='ocrx_word' id='word_1_208' title='bbox 206 2439 276 2473; x_wconf 90' lang='lat' dir='ltr'><strong>cto</strong></span> <span class='ocrx_word' id='word_1_209' title='bbox 297 2429 496 2472; x_wconf 87' lang='lat' dir='ltr'><strong>Pindari:</strong></span> <span class='ocrx_word' id='word_1_210' title='bbox 538 2430 647 2473; x_wconf 74' lang='lat' dir='ltr'><strong>”hoc</strong></span> <span class='ocrx_word' id='word_1_211' title='bbox 673 2446 849 2473; x_wconf 82' lang='lat' dir='ltr'><strong>carmen</strong></span> <span class='ocrx_word' id='word_1_212' title='bbox 882 2431 909 2472; x_wconf 89' lang='lat' dir='ltr'><strong>i.</strong></span> <span class='ocrx_word' id='word_1_213' title='bbox 931 2446 967 2472; x_wconf 90' lang='lat' dir='ltr'><strong>e.</strong></span> <span class='ocrx_word' id='word_1_214' title='bbox 1002 2431 1095 2488; x_wconf 84' lang='lat' dir='ltr'><strong>ipsa</strong></span> <span class='ocrx_word' id='word_1_215' title='bbox 1127 2429 1333 2471; x_wconf 85' lang='lat' dir='ltr'><strong>carminis</strong></span> <span class='ocrx_word' id='word_1_216' title='bbox 1364 2427 1517 2482; x_wconf 73' lang='lat' dir='ltr'><strong>verba,</strong></span> 
     </span>
     <span class='ocr_line' id='line_1_31' title="bbox 206 2503 1519 2565; baseline -0.005 -15"><span class='ocrx_word' id='word_1_217' title='bbox 206 2506 357 2565; x_wconf 88' lang='lat' dir='ltr'><strong>Tyriae</strong></span> <span class='ocrx_word' id='word_1_218' title='bbox 387 2505 545 2548; x_wconf 88' lang='lat' dir='ltr'><strong>mercis</strong></span> <span class='ocrx_word' id='word_1_219' title='bbox 576 2506 713 2549; x_wconf 89' lang='lat' dir='ltr'><strong>modo</strong></span> <span class='ocrx_word' id='word_1_220' title='bbox 746 2507 774 2549; x_wconf 91' lang='lat' dir='ltr'><strong>i.</strong></span> <span class='ocrx_word' id='word_1_221' title='bbox 803 2521 839 2548; x_wconf 92' lang='lat' dir='ltr'><strong>e.</strong></span> <span class='ocrx_word' id='word_1_222' title='bbox 874 2507 989 2562; x_wconf 76' lang='lat' dir='ltr'><strong>navi,</strong></span> <span class='ocrx_word' id='word_1_223' title='bbox 1020 2506 1101 2548; x_wconf 90' lang='lat' dir='ltr'><strong>tibi</strong></span> <span class='ocrx_word' id='word_1_224' title='bbox 1133 2504 1343 2547; x_wconf 86' lang='lat' dir='ltr'><strong>mittitur:</strong></span> <span class='ocrx_word' id='word_1_225' title='bbox 1371 2503 1519 2560; x_wconf 86' lang='lat' dir='ltr'><strong>ipsum</strong></span> 
     </span>
     <span class='ocr_line' id='line_1_32' title="bbox 216 2575 1525 2638; baseline -0.005 -13"><span class='ocrx_word' id='word_1_226' title='bbox 216 2598 319 2626; x_wconf 84' lang='lat' dir='ltr'><strong>vero</strong></span> <span class='ocrx_word' id='word_1_227' title='bbox 353 2581 477 2624; x_wconf 87' lang='lat' dir='ltr'><strong>chori</strong></span> <span class='ocrx_word' id='word_1_228' title='bbox 495 2575 774 2638; x_wconf 54' lang='lat' dir='ltr'><strong>ingressum,</strong></span> <span class='ocrx_word' id='word_1_229' title='bbox 808 2597 984 2625; x_wconf 88' lang='lat' dir='ltr'><strong>carmen</strong></span> <span class='ocrx_word' id='word_1_230' title='bbox 1012 2581 1101 2624; x_wconf 88' lang='lat' dir='ltr'><strong>hoc</strong></span> <span class='ocrx_word' id='word_1_231' title='bbox 1132 2579 1319 2623; x_wconf 85' lang='lat' dir='ltr'><strong>Aeolicis</strong></span> <span class='ocrx_word' id='word_1_232' title='bbox 1359 2578 1525 2620; x_wconf 83' lang='lat' dir='ltr'><strong>fidibus</strong></span> 
     </span>
    </p>
   </div>
  </div>
 </body>
</html>
