1783 3070
783 222 1075 262 -32...

295 341 342 384 in
374 341 520 401 lingua
552 350 725 385 externa
748 356 840 385 non
868 340 968 384 satis
989 339 1171 382 liberam
1191 338 1269 383 sed
1295 340 1466 384 nebulis
1488 356 1597 384 con-

291 417 484 460 tinenter
514 418 756 460 multifariis
787 418 1052 459 obvolutam.
1104 413 1305 457 Ceterum
1333 417 1435 458 talia
1465 417 1596 459 intel—

293 493 366 551 ligi
398 493 569 552 saepius
609 500 749 550 puto,
793 507 925 549 quam
970 490 1142 548 exponi.
1213 489 1285 532 Est
1330 490 1475 542 enim,
1517 490 1594 532 ubi

238 609 246 618 κ
293 584 443 610 verum
475 569 587 608 inter
618 566 980 621 deliberandum,
1020 567 1133 608 inter
1171 563 1453 606 scribendum
1486 566 1595 607 ὑπο-

289 640 552 697 κλέπτηται;
584 649 647 696 ut,
680 655 793 698 quae
826 641 908 698 ipsi
937 648 1054 682 recte
1085 638 1358 694 senserimus,
1389 639 1597 696 cogitare,

291 726 458 772 tenere,
485 717 676 758 scribere
709 731 801 757 non
832 715 1117 773 potuerimus.
1138 737 1191 745 —
1225 711 1360 772 Quod
1383 713 1429 755 in
1449 728 1593 756 meam

290 791 419 834 simul
452 791 620 834 dictum
650 791 751 833 volo
781 791 977 849 gratiam.
1011 813 1066 822 —

409 867 577 910 Eodem
630 881 720 922 quo
769 880 1016 922 praegressa
1056 864 1194 908 modo
1241 880 1286 907 se
1333 865 1501 907 habent
1545 865 1591 907 in

290 957 330 984 v.
364 942 451 983 256
478 940 611 982 verba
638 935 761 994 ἆμαρ
792 936 816 987 ἢ
854 938 1013 987 νύκτες.
1078 939 1203 993 Quae
1240 940 1302 981 sic
1338 938 1594 997 accipienda

288 1024 401 1057 sunt.
465 1014 529 1055 De
560 1027 607 1053 re
635 1027 927 1069 quacunque,
958 1012 1031 1054 die
1059 1014 1128 1054 ⁴vel
1160 1022 1295 1054 noctu
1329 1022 1446 1069 acta,
1477 1015 1593 1055 sole-

285 1104 382 1131 mus
414 1089 458 1130 in
489 1088 739 1130 universum
773 1086 943 1141 dicere,
975 1085 1099 1144 quod
1130 1095 1262 1143 poeta
1301 1085 1432 1129 dixit:
1473 1092 1591 1129 κεῖνο

282 1164 387 1204 κεῖν’
419 1159 542 1220 ἆμαρ
574 1157 836 1211 διαίτασεν,
868 1169 1076 1217 tempore·
1101 1161 1342 1203 accuratius
1382 1177 1474 1203 non
1509 1162 1589 1204 de-

281 1239 423 1280 finito.
487 1235 589 1291 Qu‘o
620 1250 738 1278 nunc
757 1243 889 1292 poeta
919 1235 1158 1292 praemisso
1184 1236 1340 1278 leniter
1369 1226 1591 1295 corrigens

282 1311 503 1368 subiungit
531 1307 556 1359 ἢ
582 1309 753 1360 νύκτες,
784 1310 1090 1366 euphemismo
1118 1311 1283 1352 scilicet
1309 1311 1558 1353 Pindarico.

401 1386 488 1431 Sed
519 1384 609 1428 duo
640 1385 772 1428 etiam
804 1393 988 1440 restant,
1018 1384 1096 1426 ubi
1129 1385 1176 1427 in
1206 1386 1338 1428 verba
1369 1394 1590 1443 peccatur,

279 1461 382 1504 loci.
445 1459 642 1503 Primum
674 1459 719 1502 in
761 1473 799 1502 v.
834 1459 920 1502 263
951 1456 1084 1516 γνῶθι
1123 1461 1201 1502 νῦν
1240 1458 1326 1503 τοὲν
1359 1457 1584 1504 Οἰδιπόδα

281 1535 453 1595 σοφίαν
484 1537 758 1593 interpreteS,
788 1535 969 1578 audacia
999 1536 1240 1578 necessaria
1257 1535 1467 1593 destituti,
1497 1538 1586 1580 Oe-

281 1612 374 1670 dipi
419 1611 580 1653 imitari
618 1625 736 1652 nunc
779 1625 871 1651 non
911 1609 1191 1668 prudentiam
1232 1610 1464 1668 videntur,
1506 1612 1584 1654 sed

278 1686 544 1729 caecitatem.
607 1684 855 1742 Intelligunt
901 1685 1043 1728 enim:
1095 1686 1222 1727 »calle
1264 1701 1381 1728 nunc
1422 1687 1583 1745 Oedipi

289 1761 595 1818 »sapientiam,
625 1760 815 1817 intellige
838 1774 966 1804 ¹nunc
1000 1761 1262 1803 sententiam
1306 1761 1420 1818 eius,
1458 1762 1584 1820 quod

292 1836 616 1891 »propositurus
632 1849 744 1887 sum,
763 1819 1064 1890 aenigmatis«-
1133 1836 1222 1879 Nisi
1254 1836 1380 1893 quod
1399 1837 1585 1880 Tafelius

281 1909 416 1967 ipsius
449 1908 611 1965 Oedipi
642 1908 877 1949 sententias
908 1908 981 1949 hic
1012 1907 1236 1950 odoratur.
1298 1910 1433 1952 Poeta
1455 1927 1583 1954 -nunc

280 1980 506 2025 Οἰδιπόδα
529 1981 700 2041 σοφίαν
732 1983 938 2024 liberiore
969 1983 1165 2025 dictione
1189 1986 1377 2042 appellat
1395 1984 1582 2043 σοφίαν,

278 2059 420 2116 qualis
455 2056 629 2115 Oedipo
662 2058 995 2115 proponebatur
1030 2058 1075 2100 h.
1109 2074 1146 2101 e.
1179 2060 1302 2103 cuius
1330 2076 1481 2106 sensus
1511 2062 1581 2105 di-

277 2135 500 2175 vinatione
531 2132 837 2189 intelligendus
873 2141 949 2174 est.
1011 2134 1122 2175 Hinc
1160 2136 1377 2192 sequitur:
1419 2138 1580 2195 ‹si-7029.

277 2233 332 2240 --
365 2207 534 2252 Deinde
566 2206 703 2275 iidem
734 2208 781 2252 in
812 2211 949 2253 v.277
981 2212 1068 2253 τῶν
1100 2206 1346 2272 δ’Ὁμήρου
1372 2210 1447 2256 καὶ
1472 2211 1579 2257 τόδε

274 2284 536 2339 συνὲέμενος
569 2284 687 2343 ῥῆμα
715 2283 908 2334 πόρσυνε
929 2299 1150 2343 somnum,
1183 2303 1316 2345 quem
1338 2290 1578 2348 aliquando

271 2359 527 2402 dormitasse
566 2359 750 2415 dicitur,
793 2360 970 2404 Homeri
1014 2361 1253 2405 imitantur.
1331 2363 1427 2408 Non
1469 2365 1577 2408 dicit

267 2433 497 2477 Pindarus:
541 2434 643 2476 audi
682 2442 829 2477 autem
861 2435 1040 2477 Homeri
1081 2439 1215 2480 etiam
1249 2439 1336 2481 hoc
1375 2432 1575 2495 verbum,

268 2508 364 2551 sed:
402 2509 592 2554 Homeri
631 2517 777 2552 autem
820 2511 950 2553 etiam
991 2511 1079 2553 hoc
1119 2514 1218 2562 (τῶν
1261 2509 1305 2554 δ’
1335 2513 1575 2571 Ὁμήρου

265 2580 340 2622 καὶ
371 2580 492 2636 τόδε)
525 2585 552 2627 i.
587 2599 624 2627 e.
659 2585 762 2630 audi
803 2586 934 2629 etiam
977 2586 1155 2630 Homeri
1204 2588 1305 2631 hoc.
1379 2588 1524 2647 Quod
1548 2604 1573 2633 a
