<?xml version="1.0" encoding="UTF-8"?>
<!DOCTYPE html PUBLIC "-//W3C//DTD XHTML 1.0 Transitional//EN"
    "http://www.w3.org/TR/xhtml1/DTD/xhtml1-transitional.dtd">
<html xmlns="http://www.w3.org/1999/xhtml" xml:lang="en" lang="en">
 <head>
  <title>
</title>
<meta http-equiv="Content-Type" content="text/html;charset=utf-8" />
  <meta name='ocr-system' content='tesseract 3.04.00' />
  <meta name='ocr-capabilities' content='ocr_page ocr_carea ocr_par ocr_line ocrx_word'/>
</head>
<body>
  <div class='ocr_page' id='page_1' title='image "4630637_0070.png"; bbox 0 0 1783 3070; ppageno 0'>
   <div class='ocr_carea' id='block_1_1' title="bbox 757 188 1055 231">
    <p class='ocr_par' dir='ltr' id='par_1_1' title="bbox 757 188 1055 231">
     <span class='ocr_line' id='line_1_1' title="bbox 757 188 1055 231; baseline 0.007 -12"><span class='ocrx_word' id='word_1_1' title='bbox 757 210 811 219; x_wconf 40' lang='grc'><strong>*-</strong></span> <span class='ocrx_word' id='word_1_2' title='bbox 875 188 936 231; x_wconf 77' lang='lat'><strong>60</strong></span> <span class='ocrx_word' id='word_1_3' title='bbox 993 211 1055 221; x_wconf 89' lang='grc'><strong>-.</strong></span> 
     </span>
    </p>
   </div>
   <div class='ocr_carea' id='block_1_2' title="bbox 223 301 1559 2613">
    <p class='ocr_par' dir='ltr' id='par_1_2' title="bbox 235 301 1559 1473">
     <span class='ocr_line' id='line_1_2' title="bbox 245 301 1559 363; baseline 0.002 -17"><span class='ocrx_word' id='word_1_4' title='bbox 245 305 389 360; x_wconf 79' lang='grc' dir='ltr'><em>θυμὸς</em></span> <span class='ocrx_word' id='word_1_5' title='bbox 419 301 458 348; x_wconf 77' lang='grc' dir='ltr'><strong>δ’</strong></span> <span class='ocrx_word' id='word_1_6' title='bbox 489 306 679 352; x_wconf 81' lang='grc' dir='ltr'><em>ἑπέσθω.</em></span> <span class='ocrx_word' id='word_1_7' title='bbox 748 308 815 350; x_wconf 82' lang='lat' dir='ltr'><strong>lta·</strong></span> <span class='ocrx_word' id='word_1_8' title='bbox 840 303 1032 348; x_wconf 78' lang='grc' dir='ltr'><em>ἕπεσθαι</em></span> <span class='ocrx_word' id='word_1_9' title='bbox 1075 305 1293 363; x_wconf 81' lang='lat' dir='ltr'><strong>eleganter</strong></span> <span class='ocrx_word' id='word_1_10' title='bbox 1333 305 1559 349; x_wconf 61' lang='lat' dir='ltr'><strong>interdum</strong></span> 
     </span>
     <span class='ocr_line' id='line_1_3' title="bbox 245 379 1555 438; baseline 0 -17"><span class='ocrx_word' id='word_1_11' title='bbox 245 379 410 423; x_wconf 84' lang='lat' dir='ltr'><strong>dieitur</strong></span> <span class='ocrx_word' id='word_1_12' title='bbox 440 397 542 438; x_wconf 84' lang='lat' dir='ltr'><strong>pro:</strong></span> <span class='ocrx_word' id='word_1_13' title='bbox 575 397 664 425; x_wconf 80' lang='lat' dir='ltr'><strong>una</strong></span> <span class='ocrx_word' id='word_1_14' title='bbox 695 383 784 438; x_wconf 72' lang='lat' dir='ltr'><strong>ire,</strong></span> <span class='ocrx_word' id='word_1_15' title='bbox 813 382 1035 432; x_wconf 82' lang='lat' dir='ltr'><strong>comitari,</strong></span> <span class='ocrx_word' id='word_1_16' title='bbox 1070 380 1186 422; x_wconf 89' lang='lat' dir='ltr'><strong>nulla</strong></span> <span class='ocrx_word' id='word_1_17' title='bbox 1216 380 1312 422; x_wconf 85' lang='lat' dir='ltr'><strong>viae</strong></span> <span class='ocrx_word' id='word_1_18' title='bbox 1339 382 1405 423; x_wconf 85' lang='lat' dir='ltr'><strong>vel</strong></span> <span class='ocrx_word' id='word_1_19' title='bbox 1438 388 1555 428; x_wconf 83' lang='lat' dir='ltr'><strong>tem-</strong></span> 
     </span>
     <span class='ocr_line' id='line_1_4' title="bbox 245 454 1553 514; baseline 0.001 -18"><span class='ocrx_word' id='word_1_20' title='bbox 245 456 403 512; x_wconf 60' lang='lat' dir='ltr'><strong>poris,</strong></span> <span class='ocrx_word' id='word_1_21' title='bbox 436 471 527 514; x_wconf 85' lang='lat' dir='ltr'><strong>quo</strong></span> <span class='ocrx_word' id='word_1_22' title='bbox 566 457 753 501; x_wconf 86' lang='lat' dir='ltr'><strong>alterum</strong></span> <span class='ocrx_word' id='word_1_23' title='bbox 796 458 979 500; x_wconf 87' lang='lat' dir='ltr'><strong>alterum</strong></span> <span class='ocrx_word' id='word_1_24' title='bbox 1017 462 1246 513; x_wconf 79' lang='lat' dir='ltr'><strong>sequatur,</strong></span> <span class='ocrx_word' id='word_1_25' title='bbox 1285 454 1553 497; x_wconf 72' lang='lat' dir='ltr'><strong>discrimine.</strong></span> 
     </span>
     <span class='ocr_line' id='line_1_5' title="bbox 244 529 1555 587; baseline 0 -15"><span class='ocrx_word' id='word_1_26' title='bbox 244 530 340 572; x_wconf 89' lang='lat' dir='ltr'><strong>Hoc</strong></span> <span class='ocrx_word' id='word_1_27' title='bbox 371 546 491 574; x_wconf 91' lang='lat' dir='ltr'><strong>nunc</strong></span> <span class='ocrx_word' id='word_1_28' title='bbox 521 546 652 574; x_wconf 87' lang='lat' dir='ltr'><strong>sensu</strong></span> <span class='ocrx_word' id='word_1_29' title='bbox 683 533 978 576; x_wconf 72' lang='lat' dir='ltr'><strong>accusativum</strong></span> <span class='ocrx_word' id='word_1_30' title='bbox 1006 530 1218 575; x_wconf 84' lang='lat' dir='ltr'><strong>adsciscit.</strong></span> <span class='ocrx_word' id='word_1_31' title='bbox 1261 529 1555 587; x_wconf 26' lang='lat' dir='ltr'><strong>Sedvrespon·</strong></span> 
     </span>
     <span class='ocr_line' id='line_1_6' title="bbox 246 603 1554 665; baseline 0 -19"><span class='ocrx_word' id='word_1_32' title='bbox 246 604 444 648; x_wconf 68' lang='lat' dir='ltr'><strong>(lendum</strong></span> <span class='ocrx_word' id='word_1_33' title='bbox 464 606 577 653; x_wconf 87' lang='lat' dir='ltr'><strong>mihi</strong></span> <span class='ocrx_word' id='word_1_34' title='bbox 609 616 836 665; x_wconf 86' lang='lat' dir='ltr'><strong>praeterea</strong></span> <span class='ocrx_word' id='word_1_35' title='bbox 858 607 1074 663; x_wconf 76' lang='lat' dir='ltr'><strong>Di&#39;ssenio,</strong></span> <span class='ocrx_word' id='word_1_36' title='bbox 1104 606 1180 665; x_wconf 85' lang='lat' dir='ltr'><strong>qui</strong></span> <span class='ocrx_word' id='word_1_37' title='bbox 1195 604 1385 662; x_wconf 82' lang='lat' dir='ltr'><strong>scripsit:</strong></span> <span class='ocrx_word' id='word_1_38' title='bbox 1425 603 1554 646; x_wconf 85' lang='lat' dir='ltr'><strong>»illud</strong></span> 
     </span>
     <span class='ocr_line' id='line_1_7' title="bbox 254 678 1552 739; baseline -0.001 -18"><span class='ocrx_word' id='word_1_39' title='bbox 254 681 508 723; x_wconf 79' lang='lat' dir='ltr'><strong>»verisimile</strong></span> <span class='ocrx_word' id='word_1_40' title='bbox 542 698 635 724; x_wconf 90' lang='lat' dir='ltr'><strong>non</strong></span> <span class='ocrx_word' id='word_1_41' title='bbox 667 692 745 739; x_wconf 75' lang='lat' dir='ltr'><strong>est,</strong></span> <span class='ocrx_word' id='word_1_42' title='bbox 776 681 969 725; x_wconf 78' lang='grc' dir='ltr'><em>ἕπεσθαι</em></span> <span class='ocrx_word' id='word_1_43' title='bbox 1000 698 1099 725; x_wconf 89' lang='lat' dir='ltr'><strong>cum</strong></span> <span class='ocrx_word' id='word_1_44' title='bbox 1124 680 1366 724; x_wconf 82' lang='lat' dir='ltr'><strong>accusativo</strong></span> <span class='ocrx_word' id='word_1_45' title='bbox 1391 678 1552 721; x_wconf 85' lang='lat' dir='ltr'><strong>eodem</strong></span> 
     </span>
     <span class='ocr_line' id='line_1_8' title="bbox 253 754 1555 816; baseline -0.001 -19"><span class='ocrx_word' id='word_1_46' title='bbox 253 756 405 813; x_wconf 80' lang='lat' dir='ltr'><strong>»plane</strong></span> <span class='ocrx_word' id='word_1_47' title='bbox 438 757 769 801; x_wconf 85' lang='lat' dir='ltr'><strong>sensu-dictum</strong></span> <span class='ocrx_word' id='word_1_48' title='bbox 802 759 1000 815; x_wconf 78' lang='lat' dir='ltr'><strong>Graecis,</strong></span> <span class='ocrx_word' id='word_1_49' title='bbox 1031 772 1164 816; x_wconf 90' lang='lat' dir='ltr'><strong>quem</strong></span> <span class='ocrx_word' id='word_1_50' title='bbox 1203 756 1371 800; x_wconf 82' lang='lat' dir='ltr'><strong>dativus</strong></span> <span class='ocrx_word' id='word_1_51' title='bbox 1401 754 1555 810; x_wconf 82' lang='lat' dir='ltr'><strong>habet,</strong></span> 
     </span>
     <span class='ocr_line' id='line_1_9' title="bbox 256 829 1552 890; baseline -0.002 -16"><span class='ocrx_word' id='word_1_52' title='bbox 256 845 371 874; x_wconf 77' lang='lat' dir='ltr'><strong>”nec-</strong></span> <span class='ocrx_word' id='word_1_53' title='bbox 389 833 554 889; x_wconf 85' lang='lat' dir='ltr'><strong>patitur</strong></span> <span class='ocrx_word' id='word_1_54' title='bbox 583 833 672 875; x_wconf 88' lang='lat' dir='ltr'><strong>hoc</strong></span> <span class='ocrx_word' id='word_1_55' title='bbox 701 834 824 876; x_wconf 88' lang='lat' dir='ltr'><strong>loeus</strong></span> <span class='ocrx_word' id='word_1_56' title='bbox 854 833 1120 890; x_wconf 68' lang='lat' dir='ltr'><strong>propositus:</strong></span> <span class='ocrx_word' id='word_1_57' title='bbox 1184 831 1408 886; x_wconf 87' lang='lat' dir='ltr'><strong>Quoniam</strong></span> <span class='ocrx_word' id='word_1_58' title='bbox 1431 829 1552 872; x_wconf 88' lang='lat' dir='ltr'><strong>enim</strong></span> 
     </span>
     <span class='ocr_line' id='line_1_10' title="bbox 251 903 1552 964; baseline -0.001 -17"><span class='ocrx_word' id='word_1_59' title='bbox 251 905 447 949; x_wconf 75' lang='lat' dir='ltr'><strong>»Theaeo</strong></span> <span class='ocrx_word' id='word_1_60' title='bbox 477 922 661 964; x_wconf 87' lang='lat' dir='ltr'><strong>quoque</strong></span> <span class='ocrx_word' id='word_1_61' title='bbox 698 903 852 948; x_wconf 78' lang='grc' dir='ltr'><em>ἕπεται</em></span> <span class='ocrx_word' id='word_1_62' title='bbox 894 907 1056 963; x_wconf 82' lang='grc' dir='ltr'><em>εὐάγων</em></span> <span class='ocrx_word' id='word_1_63' title='bbox 1092 906 1234 962; x_wconf 87' lang='grc' dir='ltr'><em>τιμά,</em></span> <span class='ocrx_word' id='word_1_64' title='bbox 1265 914 1367 964; x_wconf 80' lang='lat' dir='ltr'><strong>post</strong></span> <span class='ocrx_word' id='word_1_65' title='bbox 1401 903 1552 948; x_wconf 83' lang='lat' dir='ltr'><strong>laudes</strong></span> 
     </span>
     <span class='ocr_line' id='line_1_11' title="bbox 251 964 1554 1038; baseline -0.002 -16"><span class='ocrx_word' id='word_1_66' title='bbox 251 981 429 1022; x_wconf 82' lang='lat' dir='ltr'><strong>»Theaei</strong></span> <span class='ocrx_word' id='word_1_67' title='bbox 461 996 513 1022; x_wconf 85' lang='lat' dir='ltr'><strong>ex</strong></span> <span class='ocrx_word' id='word_1_68' title='bbox 543 981 627 1022; x_wconf 88' lang='lat' dir='ltr'><strong>hac</strong></span> <span class='ocrx_word' id='word_1_69' title='bbox 653 982 825 1024; x_wconf 83' lang='lat' dir='ltr'><strong>ratione</strong></span> <span class='ocrx_word' id='word_1_70' title='bbox 855 997 1036 1038; x_wconf 83' lang='lat' dir='ltr'><strong>pergere</strong></span> <span class='ocrx_word' id='word_1_71' title='bbox 1068 981 1285 1037; x_wconf 84' lang='lat' dir='ltr'><strong>debebat:</strong></span> <span class='ocrx_word' id='word_1_72' title='bbox 1316 977 1470 1021; x_wconf 79' lang='grc' dir='ltr'><em>ἕπεται</em></span> <span class='ocrx_word' id='word_1_73' title='bbox 1501 964 1554 1029; x_wconf 26' lang='grc' dir='ltr'><strong>δτὲ(</strong></span> 
     </span>
     <span class='ocr_line' id='line_1_12' title="bbox 248 1053 1551 1114; baseline 0 -20"><span class='ocrx_word' id='word_1_74' title='bbox 248 1054 342 1095; x_wconf 78' lang='grc' dir='ltr'><em>»καὶ</em></span> <span class='ocrx_word' id='word_1_75' title='bbox 374 1054 587 1114; x_wconf 70' lang='grc' dir='ltr'><em>ματρώων</em></span> <span class='ocrx_word' id='word_1_76' title='bbox 617 1055 729 1110; x_wconf 83' lang='grc' dir='ltr'><em>γένει</em></span> <span class='ocrx_word' id='word_1_77' title='bbox 760 1071 793 1097; x_wconf 89' lang='lat' dir='ltr'><strong>s.</strong></span> <span class='ocrx_word' id='word_1_78' title='bbox 826 1056 944 1111; x_wconf 81' lang='grc' dir='ltr'><em>γένος</em></span> <span class='ocrx_word' id='word_1_79' title='bbox 974 1057 1197 1111; x_wconf 79' lang='grc' dir='ltr'><em>ὑμετέρων</em></span> <span class='ocrx_word' id='word_1_80' title='bbox 1229 1054 1392 1110; x_wconf 77' lang='grc' dir='ltr'><em>εὐάγων</em></span> <span class='ocrx_word' id='word_1_81' title='bbox 1421 1053 1551 1108; x_wconf 86' lang='grc' dir='ltr'><em>τιμά,</em></span> 
     </span>
     <span class='ocr_line' id='line_1_13' title="bbox 246 1129 1551 1188; baseline -0.002 -17"><span class='ocrx_word' id='word_1_82' title='bbox 246 1145 357 1171; x_wconf 80' lang='lat' dir='ltr'><strong>»nec</strong></span> <span class='ocrx_word' id='word_1_83' title='bbox 382 1138 556 1187; x_wconf 86' lang='lat' dir='ltr'><strong>poterat</strong></span> <span class='ocrx_word' id='word_1_84' title='bbox 587 1131 739 1173; x_wconf 85' lang='lat' dir='ltr'><strong>abesse</strong></span> <span class='ocrx_word' id='word_1_85' title='bbox 768 1131 879 1173; x_wconf 86' lang='lat' dir='ltr'><strong>haec</strong></span> <span class='ocrx_word' id='word_1_86' title='bbox 908 1130 1155 1188; x_wconf 80' lang='lat' dir='ltr'><strong>particula.‹·</strong></span> <span class='ocrx_word' id='word_1_87' title='bbox 1214 1129 1430 1174; x_wconf 87' lang='lat' dir='ltr'><strong>Pindarus</strong></span> <span class='ocrx_word' id='word_1_88' title='bbox 1451 1136 1551 1186; x_wconf 86' lang='lat' dir='ltr'><strong>post</strong></span> 
     </span>
     <span class='ocr_line' id='line_1_14' title="bbox 237 1204 1549 1265; baseline -0.001 -18"><span class='ocrx_word' id='word_1_89' title='bbox 237 1205 372 1262; x_wconf 82' lang='lat' dir='ltr'><strong>ipsius</strong></span> <span class='ocrx_word' id='word_1_90' title='bbox 387 1206 548 1248; x_wconf 89' lang='lat' dir='ltr'><strong>Theaei</strong></span> <span class='ocrx_word' id='word_1_91' title='bbox 564 1206 768 1248; x_wconf 86' lang='lat' dir='ltr'><strong>victorias</strong></span> <span class='ocrx_word' id='word_1_92' title='bbox 786 1206 845 1248; x_wconf 84' lang='lat' dir='ltr'><strong>ita</strong></span> <span class='ocrx_word' id='word_1_93' title='bbox 863 1207 1025 1265; x_wconf 83' lang='lat' dir='ltr'><strong>pergit:</strong></span> <span class='ocrx_word' id='word_1_94' title='bbox 1048 1205 1161 1248; x_wconf 84' lang='lat' dir='ltr'><strong>inest</strong></span> <span class='ocrx_word' id='word_1_95' title='bbox 1175 1214 1337 1261; x_wconf 79' lang='lat' dir='ltr'><strong>autem,</strong></span> <span class='ocrx_word' id='word_1_96' title='bbox 1361 1204 1549 1259; x_wconf 79' lang='lat' dir='ltr'><strong>Theaee,</strong></span> 
     </span>
     <span class='ocr_line' id='line_1_15' title="bbox 236 1267 1550 1337; baseline -0.001 -16"><span class='ocrx_word' id='word_1_97' title='bbox 236 1281 283 1322; x_wconf 90' lang='lat' dir='ltr'><strong>in</strong></span> <span class='ocrx_word' id='word_1_98' title='bbox 312 1295 474 1337; x_wconf 87' lang='lat' dir='ltr'><strong>genere</strong></span> <span class='ocrx_word' id='word_1_99' title='bbox 506 1289 649 1323; x_wconf 83' lang='lat' dir='ltr'><strong>vestro</strong></span> <span class='ocrx_word' id='word_1_100' title='bbox 690 1289 891 1323; x_wconf 85' lang='lat' dir='ltr'><strong>materno</strong></span> <span class='ocrx_word' id='word_1_101' title='bbox 924 1281 1069 1323; x_wconf 93' lang='lat' dir='ltr'><strong>honos</strong></span> <span class='ocrx_word' id='word_1_102' title='bbox 1101 1267 1423 1335; x_wconf 74' lang='lat' dir='ltr'><strong>-certaminum3</strong></span> <span class='ocrx_word' id='word_1_103' title='bbox 1455 1294 1550 1321; x_wconf 87' lang='lat' dir='ltr'><strong>non</strong></span> 
     </span>
     <span class='ocr_line' id='line_1_16' title="bbox 235 1342 1545 1414; baseline -0.001 -18"><span class='ocrx_word' id='word_1_104' title='bbox 235 1355 403 1411; x_wconf 84' lang='lat' dir='ltr'><strong>primus</strong></span> <span class='ocrx_word' id='word_1_105' title='bbox 433 1356 597 1411; x_wconf 79' lang='lat' dir='ltr'><strong>vicisti,</strong></span> <span class='ocrx_word' id='word_1_106' title='bbox 639 1356 875 1398; x_wconf 84' lang='lat' dir='ltr'><strong>comitatur</strong></span> <span class='ocrx_word' id='word_1_107' title='bbox 908 1371 1046 1414; x_wconf 87' lang='lat' dir='ltr'><strong>genus</strong></span> <span class='ocrx_word' id='word_1_108' title='bbox 1075 1364 1266 1399; x_wconf 84' lang='lat' dir='ltr'><strong>vestrum</strong></span> <span class='ocrx_word' id='word_1_109' title='bbox 1297 1342 1545 1402; x_wconf 83' lang='lat' dir='ltr'><strong>maternum</strong></span> 
     </span>
     <span class='ocr_line' id='line_1_17' title="bbox 235 1429 721 1473; baseline 0 -2"><span class='ocrx_word' id='word_1_110' title='bbox 235 1429 384 1472; x_wconf 89' lang='lat' dir='ltr'><strong>honos</strong></span> <span class='ocrx_word' id='word_1_111' title='bbox 416 1431 721 1473; x_wconf 81' lang='lat' dir='ltr'><strong>certaminum.</strong></span> 
     </span>
    </p>

    <p class='ocr_par' dir='ltr' id='par_1_3' title="bbox 229 1499 1547 2384">
     <span class='ocr_line' id='line_1_18' title="bbox 358 1499 1547 1564; baseline -0.002 -17"><span class='ocrx_word' id='word_1_112' title='bbox 358 1506 562 1563; x_wconf 89' lang='lat' dir='ltr'><strong>Denique</strong></span> <span class='ocrx_word' id='word_1_113' title='bbox 593 1506 640 1548; x_wconf 91' lang='lat' dir='ltr'><strong>in</strong></span> <span class='ocrx_word' id='word_1_114' title='bbox 671 1521 711 1549; x_wconf 83' lang='lat' dir='ltr'><strong>v.</strong></span> <span class='ocrx_word' id='word_1_115' title='bbox 731 1507 788 1549; x_wconf 84' lang='lat'><strong>50</strong></span> <span class='ocrx_word' id='word_1_116' title='bbox 817 1503 870 1547; x_wconf 86' lang='grc' dir='ltr'><strong>ου’</strong></span> <span class='ocrx_word' id='word_1_117' title='bbox 902 1506 1064 1560; x_wconf 83' lang='grc' dir='ltr'><em>θαῦμα</em></span> <span class='ocrx_word' id='word_1_118' title='bbox 1095 1502 1259 1564; x_wconf 77' lang='grc' dir='ltr'><em>σφίσιν</em></span> <span class='ocrx_word' id='word_1_119' title='bbox 1292 1504 1449 1560; x_wconf 76' lang='grc' dir='ltr'><em>ἐγγενὲς</em></span> <span class='ocrx_word' id='word_1_120' title='bbox 1473 1499 1547 1558; x_wconf 75' lang='grc' dir='ltr'><strong>ἔμ-</strong></span> 
     </span>
     <span class='ocr_line' id='line_1_19' title="bbox 233 1577 1547 1639; baseline -0.002 -18"><span class='ocrx_word' id='word_1_121' title='bbox 233 1595 313 1635; x_wconf 85' lang='grc' dir='ltr'><strong>μεν</strong></span> <span class='ocrx_word' id='word_1_122' title='bbox 329 1581 575 1629; x_wconf 80' lang='grc' dir='ltr'><em>ἀεθληταῖς</em></span> <span class='ocrx_word' id='word_1_123' title='bbox 591 1581 835 1637; x_wconf 86' lang='grc' dir='ltr'><em>α’γαθοῖσιν</em></span> <span class='ocrx_word' id='word_1_124' title='bbox 855 1581 929 1625; x_wconf 82' lang='lat' dir='ltr'><strong>alii</strong></span> <span class='ocrx_word' id='word_1_125' title='bbox 949 1581 1162 1639; x_wconf 85' lang='lat' dir='ltr'><strong>cogitant:</strong></span> <span class='ocrx_word' id='word_1_126' title='bbox 1181 1581 1233 1621; x_wconf 87' lang='grc' dir='ltr'><strong>οὐ</strong></span> <span class='ocrx_word' id='word_1_127' title='bbox 1253 1581 1425 1635; x_wconf 86' lang='grc' dir='ltr'><em>θαῦμα,</em></span> <span class='ocrx_word' id='word_1_128' title='bbox 1437 1577 1547 1637; x_wconf 79' lang='grc' dir='ltr'><strong><em>σφί-</em></strong></span> 
     </span>
     <span class='ocr_line' id='line_1_20' title="bbox 234 1649 1545 1713; baseline -0.001 -17"><span class='ocrx_word' id='word_1_129' title='bbox 234 1671 308 1696; x_wconf 86' lang='grc' dir='ltr'><strong>σιν</strong></span> <span class='ocrx_word' id='word_1_130' title='bbox 326 1657 484 1711; x_wconf 82' lang='grc' dir='ltr'><em>ἐγγενὲς</em></span> <span class='ocrx_word' id='word_1_131' title='bbox 501 1649 634 1711; x_wconf 70' lang='grc' dir='ltr'><em>ἴμμεν</em></span> <span class='ocrx_word' id='word_1_132' title='bbox 655 1653 806 1713; x_wconf 85' lang='grc' dir='ltr'><em>(εἶναι)</em></span> <span class='ocrx_word' id='word_1_133' title='bbox 827 1653 1073 1705; x_wconf 73' lang='grc' dir='ltr'><em>ἀεθληταῖς</em></span> <span class='ocrx_word' id='word_1_134' title='bbox 1091 1656 1359 1711; x_wconf 69' lang='grc' dir='ltr'><em>ἀγαθοῖσινς</em></span> <span class='ocrx_word' id='word_1_135' title='bbox 1378 1655 1469 1697; x_wconf 86' lang='lat' dir='ltr'><strong>alii:</strong></span> <span class='ocrx_word' id='word_1_136' title='bbox 1492 1655 1545 1695; x_wconf 83' lang='grc' dir='ltr'><strong>οὐ</strong></span> 
     </span>
     <span class='ocr_line' id='line_1_21' title="bbox 233 1727 1545 1790; baseline 0.001 -21"><span class='ocrx_word' id='word_1_137' title='bbox 233 1727 406 1784; x_wconf 75' lang='grc' dir='ltr'><em>θαῦμα,</em></span> <span class='ocrx_word' id='word_1_138' title='bbox 439 1731 600 1785; x_wconf 83' lang='grc' dir='ltr'><em>ἐγγενὲς</em></span> <span class='ocrx_word' id='word_1_139' title='bbox 633 1727 777 1784; x_wconf 83' lang='grc' dir='ltr'><strong>(εἶναι)</strong></span> <span class='ocrx_word' id='word_1_140' title='bbox 811 1729 974 1790; x_wconf 74' lang='grc' dir='ltr'><em>σφίσιν</em></span> <span class='ocrx_word' id='word_1_141' title='bbox 997 1728 1130 1786; x_wconf 74' lang='grc' dir='ltr'><em>ἔμμεν</em></span> <span class='ocrx_word' id='word_1_142' title='bbox 1162 1730 1406 1778; x_wconf 77' lang='grc' dir='ltr'><em>ἀεθληταῖς</em></span> <span class='ocrx_word' id='word_1_143' title='bbox 1437 1728 1545 1785; x_wconf 73' lang='grc' dir='ltr'><em>αγα-</em></span> 
     </span>
     <span class='ocr_line' id='line_1_22' title="bbox 235 1805 1547 1862; baseline 0.003 -19"><span class='ocrx_word' id='word_1_144' title='bbox 235 1805 404 1845; x_wconf 85' lang='grc' dir='ltr'><em>θοῖσιν.</em></span> <span class='ocrx_word' id='word_1_145' title='bbox 467 1805 556 1847; x_wconf 85' lang='lat' dir='ltr'><strong>Sed</strong></span> <span class='ocrx_word' id='word_1_146' title='bbox 595 1806 694 1861; x_wconf 90' lang='lat' dir='ltr'><strong>quis</strong></span> <span class='ocrx_word' id='word_1_147' title='bbox 724 1806 783 1847; x_wconf 88' lang='lat' dir='ltr'><strong>ita</strong></span> <span class='ocrx_word' id='word_1_148' title='bbox 814 1806 1042 1862; x_wconf 69' lang='lat' dir='ltr'><strong>loquitur?</strong></span> <span class='ocrx_word' id='word_1_149' title='bbox 1101 1805 1254 1862; x_wconf 86' lang='lat' dir='ltr'><strong>Neque</strong></span> <span class='ocrx_word' id='word_1_150' title='bbox 1295 1805 1426 1848; x_wconf 84' lang='lat' dir='ltr'><strong>etiam</strong></span> <span class='ocrx_word' id='word_1_151' title='bbox 1464 1820 1547 1847; x_wconf 88' lang='lat' dir='ltr'><strong>co·-</strong></span> 
     </span>
     <span class='ocr_line' id='line_1_23' title="bbox 232 1878 1541 1936; baseline 0.001 -16"><span class='ocrx_word' id='word_1_152' title='bbox 232 1878 413 1936; x_wconf 86' lang='lat' dir='ltr'><strong>gitatur:</strong></span> <span class='ocrx_word' id='word_1_153' title='bbox 445 1879 534 1935; x_wconf 79' lang='grc' dir='ltr'><strong>οὐχ</strong></span> <span class='ocrx_word' id='word_1_154' title='bbox 567 1879 646 1929; x_wconf 85' lang='grc' dir='ltr'><strong>(ὡς)</strong></span> <span class='ocrx_word' id='word_1_155' title='bbox 678 1879 839 1933; x_wconf 84' lang='grc' dir='ltr'><em>θαῦμα</em></span> <span class='ocrx_word' id='word_1_156' title='bbox 877 1880 943 1929; x_wconf 86' lang='grc' dir='ltr'><strong>(ὡς</strong></span> <span class='ocrx_word' id='word_1_157' title='bbox 973 1879 1247 1934; x_wconf 85' lang='grc' dir='ltr'><em>θαυμαστόν</em></span> <span class='ocrx_word' id='word_1_158' title='bbox 1279 1880 1343 1932; x_wconf 93' lang='grc' dir='ltr'><strong>τι)</strong></span> <span class='ocrx_word' id='word_1_159' title='bbox 1376 1878 1541 1936; x_wconf 76' lang='grc' dir='ltr'><em>σφίσιν</em></span> 
     </span>
     <span class='ocr_line' id='line_1_24' title="bbox 233 1950 1545 2011; baseline 0.002 -18"><span class='ocrx_word' id='word_1_160' title='bbox 233 1952 393 2007; x_wconf 64' lang='grc' dir='ltr'><em>ἑγγενές</em></span> <span class='ocrx_word' id='word_1_161' title='bbox 413 1954 571 2005; x_wconf 82' lang='grc' dir='ltr'><em>(ἐστιν)</em></span> <span class='ocrx_word' id='word_1_162' title='bbox 604 1950 718 1994; x_wconf 84' lang='grc' dir='ltr'><em>εἶναι</em></span> <span class='ocrx_word' id='word_1_163' title='bbox 750 1952 992 2001; x_wconf 77' lang='grc' dir='ltr'><em>ἀεθληταῖς</em></span> <span class='ocrx_word' id='word_1_164' title='bbox 1009 1951 1268 2007; x_wconf 71' lang='grc' dir='ltr'><em>ἀγαθοῖσιν,</em></span> <span class='ocrx_word' id='word_1_165' title='bbox 1300 1954 1425 2011; x_wconf 90' lang='lat' dir='ltr'><strong>quod</strong></span> <span class='ocrx_word' id='word_1_166' title='bbox 1445 1955 1545 1996; x_wconf 82' lang='lat' dir='ltr'><strong>Dis-</strong></span> 
     </span>
     <span class='ocr_line' id='line_1_25' title="bbox 233 2027 1543 2074; baseline 0.002 -5"><span class='ocrx_word' id='word_1_167' title='bbox 233 2028 380 2070; x_wconf 83' lang='lat' dir='ltr'><strong>senius</strong></span> <span class='ocrx_word' id='word_1_168' title='bbox 414 2029 460 2071; x_wconf 89' lang='lat' dir='ltr'><strong>in</strong></span> <span class='ocrx_word' id='word_1_169' title='bbox 485 2028 698 2074; x_wconf 83' lang='lat' dir='ltr'><strong>Boeckhii</strong></span> <span class='ocrx_word' id='word_1_170' title='bbox 731 2027 926 2071; x_wconf 84' lang='lat' dir='ltr'><strong>editione</strong></span> <span class='ocrx_word' id='word_1_171' title='bbox 955 2028 1114 2071; x_wconf 87' lang='lat' dir='ltr'><strong>dixisse</strong></span> <span class='ocrx_word' id='word_1_172' title='bbox 1144 2027 1317 2071; x_wconf 82' lang='lat' dir='ltr'><strong>videtur</strong></span> <span class='ocrx_word' id='word_1_173' title='bbox 1347 2029 1417 2071; x_wconf 89' lang='lat' dir='ltr'><strong>his</strong></span> <span class='ocrx_word' id='word_1_174' title='bbox 1444 2044 1543 2071; x_wconf 86' lang='lat' dir='ltr'><strong>ver-</strong></span> 
     </span>
     <span class='ocr_line' id='line_1_26' title="bbox 232 2093 1543 2162; baseline 0.001 -19"><span class='ocrx_word' id='word_1_175' title='bbox 232 2103 319 2144; x_wconf 82' lang='lat' dir='ltr'><strong>his:</strong></span> <span class='ocrx_word' id='word_1_176' title='bbox 368 2104 439 2143; x_wconf 79' lang='grc' dir='ltr'><strong>»οὐ</strong></span> <span class='ocrx_word' id='word_1_177' title='bbox 472 2103 642 2156; x_wconf 76' lang='grc' dir='ltr'><em>θαῦμα·</em></span> <span class='ocrx_word' id='word_1_178' title='bbox 665 2103 710 2145; x_wconf 89' lang='lat' dir='ltr'><strong>h.</strong></span> <span class='ocrx_word' id='word_1_179' title='bbox 741 2118 778 2144; x_wconf 91' lang='lat' dir='ltr'><strong>e.</strong></span> <span class='ocrx_word' id='word_1_180' title='bbox 812 2104 863 2143; x_wconf 85' lang='grc' dir='ltr'><strong>οὐ</strong></span> <span class='ocrx_word' id='word_1_181' title='bbox 901 2093 1202 2158; x_wconf 67' lang='grc' dir='ltr'><em>θαυμαάτόνς</em></span> <span class='ocrx_word' id='word_1_182' title='bbox 1243 2118 1346 2147; x_wconf 87' lang='lat' dir='ltr'><strong>nam</strong></span> <span class='ocrx_word' id='word_1_183' title='bbox 1387 2102 1543 2162; x_wconf 81' lang='grc' dir='ltr'><em>ἐγγενές</em></span> 
     </span>
     <span class='ocr_line' id='line_1_27' title="bbox 240 2176 1544 2235; baseline 0.002 -16"><span class='ocrx_word' id='word_1_184' title='bbox 240 2186 325 2220; x_wconf 83' lang='lat' dir='ltr'><strong>»est</strong></span> <span class='ocrx_word' id='word_1_185' title='bbox 368 2194 449 2235; x_wconf 83' lang='lat' dir='ltr'><strong>pro</strong></span> <span class='ocrx_word' id='word_1_186' title='bbox 496 2179 806 2221; x_wconf 76' lang='lat' dir='ltr'><strong>substantivo-u</strong></span> <span class='ocrx_word' id='word_1_187' title='bbox 886 2178 993 2221; x_wconf 84' lang='lat' dir='ltr'><strong>Mihi</strong></span> <span class='ocrx_word' id='word_1_188' title='bbox 1034 2176 1192 2234; x_wconf 86' lang='grc' dir='ltr'><em>ἑγγενές</em></span> <span class='ocrx_word' id='word_1_189' title='bbox 1236 2178 1544 2222; x_wconf 79' lang='lat' dir='ltr'><strong>adverbialiter</strong></span> 
     </span>
     <span class='ocr_line' id='line_1_28' title="bbox 230 2250 1541 2311; baseline 0.002 -17"><span class='ocrx_word' id='word_1_190' title='bbox 230 2252 397 2295; x_wconf 88' lang='lat' dir='ltr'><strong>dictum</strong></span> <span class='ocrx_word' id='word_1_191' title='bbox 431 2261 521 2296; x_wconf 82' lang='lat' dir='ltr'><strong>est:</strong></span> <span class='ocrx_word' id='word_1_192' title='bbox 550 2254 604 2294; x_wconf 80' lang='grc' dir='ltr'><strong>οὐ</strong></span> <span class='ocrx_word' id='word_1_193' title='bbox 636 2251 797 2308; x_wconf 81' lang='grc' dir='ltr'><em>θαῦμα</em></span> <span class='ocrx_word' id='word_1_194' title='bbox 828 2251 1016 2311; x_wconf 79' lang='grc' dir='ltr'><em>σφίσιν,</em></span> <span class='ocrx_word' id='word_1_195' title='bbox 1046 2253 1166 2296; x_wconf 84' lang='grc' dir='ltr'><em>κατὰ</em></span> <span class='ocrx_word' id='word_1_196' title='bbox 1199 2253 1256 2295; x_wconf 90' lang='grc' dir='ltr'><strong>τὸ</strong></span> <span class='ocrx_word' id='word_1_197' title='bbox 1288 2254 1462 2310; x_wconf 78' lang='grc' dir='ltr'><em>ἐγγενὲς</em></span> <span class='ocrx_word' id='word_1_198' title='bbox 1481 2250 1541 2296; x_wconf 82' lang='grc' dir='ltr'><strong>εἶ-</strong></span> 
     </span>
     <span class='ocr_line' id='line_1_29' title="bbox 229 2324 1517 2384; baseline 0.002 -16"><span class='ocrx_word' id='word_1_199' title='bbox 229 2343 303 2368; x_wconf 82' lang='grc' dir='ltr'><strong>ναι</strong></span> <span class='ocrx_word' id='word_1_200' title='bbox 335 2326 581 2376; x_wconf 84' lang='grc' dir='ltr'><em>αἐθληταῖς</em></span> <span class='ocrx_word' id='word_1_201' title='bbox 610 2324 868 2384; x_wconf 74' lang='grc' dir='ltr'><em>ἀγαθοῖσιν.</em></span> <span class='ocrx_word' id='word_1_202' title='bbox 1514 2329 1517 2332; x_wconf 65' lang='grc'><strong>’</strong></span> 
     </span>
    </p>

    <p class='ocr_par' dir='ltr' id='par_1_4' title="bbox 748 2411 1015 2454">
     <span class='ocr_line' id='line_1_30' title="bbox 748 2411 1015 2454; baseline -0.011 -2"><span class='ocrx_word' id='word_1_203' title='bbox 748 2413 890 2452; x_wconf 72' lang='lat' dir='ltr'><strong>Nem.</strong></span> <span class='ocrx_word' id='word_1_204' title='bbox 921 2411 1015 2454; x_wconf 76' lang='lat' dir='ltr'><strong>XI.</strong></span> 
     </span>
    </p>

    <p class='ocr_par' dir='ltr' id='par_1_5' title="bbox 346 2475 1538 2537">
     <span class='ocr_line' id='line_1_31' title="bbox 346 2475 1538 2537; baseline -0.003 -18"><span class='ocrx_word' id='word_1_205' title='bbox 346 2478 486 2520; x_wconf 89' lang='lat' dir='ltr'><strong>Unum</strong></span> <span class='ocrx_word' id='word_1_206' title='bbox 520 2480 646 2537; x_wconf 88' lang='lat' dir='ltr'><strong>eligo.</strong></span> <span class='ocrx_word' id='word_1_207' title='bbox 710 2479 1078 2537; x_wconf 85' lang='lat' dir='ltr'><strong>Quae-leguntur</strong></span> <span class='ocrx_word' id='word_1_208' title='bbox 1110 2476 1155 2518; x_wconf 85' lang='lat' dir='ltr'><strong>in</strong></span> <span class='ocrx_word' id='word_1_209' title='bbox 1187 2491 1224 2518; x_wconf 86' lang='lat' dir='ltr'><strong>v.</strong></span> <span class='ocrx_word' id='word_1_210' title='bbox 1255 2479 1327 2519; x_wconf 80' lang='lat'><strong>33.</strong></span> <span class='ocrx_word' id='word_1_211' title='bbox 1362 2475 1538 2533; x_wconf 88' lang='grc' dir='ltr'><em>συμβα-</em></span> 
     </span>
    </p>

    <p class='ocr_par' dir='ltr' id='par_1_6' title="bbox 223 2546 1532 2613">
     <span class='ocr_line' id='line_1_32' title="bbox 223 2546 1532 2613; baseline 0.002 -22"><span class='ocrx_word' id='word_1_212' title='bbox 223 2550 319 2593; x_wconf 80' lang='grc' dir='ltr'><em>λεῖν</em></span> <span class='ocrx_word' id='word_1_213' title='bbox 348 2552 436 2606; x_wconf 83' lang='grc' dir='ltr'><strong>μὰν</strong></span> <span class='ocrx_word' id='word_1_214' title='bbox 469 2556 655 2613; x_wconf 78' lang='grc' dir='ltr'><em>εὐμαρὲς</em></span> <span class='ocrx_word' id='word_1_215' title='bbox 683 2551 733 2605; x_wconf 74' lang='grc' dir='ltr'><strong>ἦν</strong></span> <span class='ocrx_word' id='word_1_216' title='bbox 761 2554 918 2611; x_wconf 32' lang='grc' dir='ltr'><strong><em>τόντε</em></strong></span> <span class='ocrx_word' id='word_1_217' title='bbox 951 2546 1231 2609; x_wconf 75' lang='grc' dir='ltr'><em>Πεισάνδρου</em></span> <span class='ocrx_word' id='word_1_218' title='bbox 1262 2553 1405 2594; x_wconf 77' lang='grc' dir='ltr'><em>πάλαι</em></span> <span class='ocrx_word' id='word_1_219' title='bbox 1437 2548 1532 2607; x_wconf 74' lang='grc' dir='ltr'><em>αἷμ’</em></span> 
     </span>
    </p>
   </div>
   <div class='ocr_carea' id='block_1_3' title="bbox 1573 333 1783 3070">
    <p class='ocr_par' dir='ltr' id='par_1_7' title="bbox 1573 333 1783 3070">
     <span class='ocr_line' id='line_1_33' title="bbox 1573 333 1783 3070; baseline 0 0"><span class='ocrx_word' id='word_1_220' title='bbox 1573 333 1783 3070; x_wconf 95' lang='lat' dir='ltr'><strong> </strong></span> 
     </span>
    </p>
   </div>
  </div>
 </body>
</html>
