1783 3070
742 153 1038 198 ...14-

239 277 355 318 iussu
385 281 543 332 poetae
585 275 737 318 iunxit.
798 274 973 333 Quibus
1012 273 1135 317 famis
1169 283 1321 333 poeta:
1362 272 1436 332 ἄγε
1480 269 1547 325 δή,

238 351 406 409 inquit.
436 357 586 406 portas
617 350 885 407 hymnorum
918 349 1085 406 aperite
1118 350 1214 393 illis.
1275 348 1438 392 Τοίνυν
1479 365 1548 392 re—

222 425 368 470 'feruu-
396 424 452 467 ad
483 422 556 479 id,
589 424 716 481 quod
748 434 882 482 poeta
910 425 1000 468 vult
1028 432 1077 467 ut
1105 422 1195 467 fiat.

706 554 924 603 olymp.
949 539 1078 593 vn.

352 649 400 690 V.
434 651 505 692 53.
539 645 694 689 δαέντι
725 646 775 690 δὲ
808 647 885 689 καὶ
917 648 1065 707 σοφία
1095 645 1251 704 μείζων
1285 641 1449 694 ἄδολος
1477 662 1547 688 τε-

234 722 370 766 λέθει.
439 724 703 767 Boeekhius:
756 732 852 766 »aut
883 724 1145 783 coniunges:
1188 720 1340 765 δαέντι
1379 719 1441 766 δὲΛ
1471 721 1547 764 καὶ

243 797 418 854 »μείζων
447 794 565 840 οὖσα
593 795 739 856 σοφία
770 797 945 839 τελέθει
985 795 1171 855 ἇδολος;
1211 807 1286 841 aut
1315 795 1467 839 δαέντι
1498 793 1546 839 δὲ

244 875 339 916 »καὶ
370 875 516 935 σοφία
548 872 703 929 μείζων
734 873 882 924 ἐστὶν,
916 870 1077 922 ἄδολος
1116 870 1250 916 οὖσα.
1319 873 1368 916 In
1408 874 1545 931 priori

245 958 477 993 »structura
532 963 683 994 sensus
735 948 810 990 hic
865 956 950 990 est:
995 947 1153 991 doctus
1201 956 1245 990 et
1291 949 1547 991 eim-citatus

244 1027 311 1068 »in
360 1026 507 1082 aliqua
550 1033 641 1067 arte
686 1024 856 1068 etiamsi
902 1024 1117 1068 maiorem
1167 1023 1303 1065 habet
1347 1023 1546 1079 pruden-

246 1101 397 1155 utiam,
426 1107 577 1141 tamen
608 1098 702 1140 sine
734 1097 884 1140 fraude
916 1112 1012 1140 eam
1044 1097 1209 1139 habere
1252 1104 1421 1155 potest,
1464 1111 1547 1139 nec

249 1175 403 1218 ”debet
432 1174 736 1232 praestigiator
763 1172 924 1215 vid-eri:
953 1171 1184 1230 disciplina
1204 1172 1323 1215 enim
1348 1180 1392 1213 et
1422 1187 1546 1213 exer-

253 1249 480 1293 ·›eitatione
508 1256 645 1291 artem
677 1246 856 1303 didicit3
889 1247 935 1289 in
955 1246 1087 1291 altera
1108 1261 1212 1290 vero
1235 1246 1329 1290 hie:
1362 1245 1482 1291 docti
1503 1254 1546 1289 et

249 1324 490 1367 ”exercitati
506 1324 648 1364 maior
663 1322 875 1378 sapientia
891 1330 970 1376 est,
980 1322 1014 1365 si
1031 1322 1125 1363 sine
1137 1321 1286 1363 fraude
1304 1330 1380 1363 est.
1413 1323 1545 1364 Prae-

253 1397 364 1439 »fero
394 1397 590 1454 priorem
620 1403 671 1437 ut
698 1395 1049 1452 simpliciorem.«
1118 1395 1277 1437 Verum
1302 1395 1418 1439 hanc
1439 1396 1545 1438 Pin-

242 1471 374 1515 ‚datus
397 1472 457 1513 ita
473 1470 673 1513 dixisset:
695 1465 858 1510 δαέντι
889 1465 937 1511 δὲ
968 1468 1044 1511 καὶ
1069 1469 1215 1529 σοφία
1245 1468 1401 1525 μείζων
1423 1466 1453 1511 ἄ
1462 1467 1487 1512 δ
1495 1486 1543 1511 ο-

240 1546 343 1594 λος.
390 1546 542 1603 Neque
574 1545 708 1601 enim,
738 1545 774 1586 si
795 1543 1009 1588 Pindarus
1041 1543 1149 1587 dicit
1178 1542 1337 1594 ἄδολος
1357 1543 1541 1600 τελέθει,

240 1636 322 1663 vox
352 1616 513 1668 ἄδολος
543 1619 739 1662 adverbii
769 1619 909 1661 vicem
934 1620 1122 1675 obtinet,
1148 1628 1198 1662 ut
1212 1620 1424 1679 significet
1440 1617 1544 1663 ἄνευ

243 1691 406 1746 δόλων,
434 1694 513 1739 sed
541 1692 795 1752 praedicati.
858 1693 1099 1737 Dissenius:
1140 1709 1251 1752 »ars,
1281 1696 1439 1753 peritia
1472 1710 1544 1739 ar-

256 1771 355 1825 ntis,
390 1784 503 1826 quae
535 1767 686 1811 fraude
717 1769 928 1823 abstinet,
956 1770 1106 1825 potior
1136 1778 1229 1825 est,
1255 1770 1532 1828 praesertum«

241 1843 492 1886 wolckerus
536 1842 583 1887 in
625 1856 735 1884 mus.
778 1842 973 1886 Rhenan.
1015 1843 1173 1886 Philol.
1206 1844 1265 1901 Π,
1297 1848 1323 1888 3
1355 1861 1399 1902 p.
1430 1848 1540 1889 382:

243 1915 421 1959 »δαέντι
451 1912 501 1957 δὲ
534 1915 609 1957 καὶ
640 1914 794 1970 μείζων
832 1913 949 1957 οὖσα
984 1914 1134 1974 σοφία
1170 1917 1344 1960 τελέθει
1383 1917 1542 1968 ἄδολος

248 2010 323 2026 ·›-—-
354 1991 474 2035 doch
513 1991 691 2033 mechte
731 1986 885 2034 δαέντι
926 1991 1050 2034 nicht
1087 1992 1165 2035 auf
1199 1992 1287 2036 den
1327 1994 1541 2051 Kiinstler,

249 2066 463 2108 ”sondern
490 2066 571 2109 auf
597 2064 685 2107 den
717 2065 1055 2122 Urtheilenden‚
1086 2066 1174 2109 den
1203 2068 1540 2128 Sachkundigen

247 2142 429 2198 »geheuz
463 2155 546 2184 nur
573 2140 675 2183 dem
707 2139 996 2199 Unkundigen
1025 2142 1081 2186 ist
1109 2158 1256 2201 grosse
1275 2144 1412 2200 Kunst
1426 2146 1538 2189 Zau-

248 2216 430 2258 »berem
500 2217 725 2261 structura
767 2217 1001 2261 verborum
1052 2219 1269 2277 eleganter
1316 2219 1537 2264 dictorum

232 2290 343 2335 haec
375 2299 455 2334 est:
486 2287 640 2333 δαέντι
672 2286 721 2332 δὲ
752 2289 826 2332 καὶ
857 2282 1015 2342 ἄδολος
1046 2293 1193 2353 σοφία
1222 2293 1381 2351 μείζων
1413 2294 1538 2338 τελέ-
1591 2302 1597 2309 ’

232 2366 315 2406 ἓει.
376 2366 466 2408 Vox
498 2362 657 2414 ἄδολος
690 2381 780 2423 quo
812 2368 949 2425 magis
975 2367 1189 2426 differtur,
1219 2386 1272 2413 eo
1302 2372 1440 2429 magis
1461 2386 1536 2413 ex-

232 2440 408 2483 tollitur.
469 2440 629 2484 Sensus
670 2441 764 2484 hic:
809 2443 953 2501 perito
997 2444 1129 2487 etiam
1169 2446 1265 2489 sine
1310 2446 1428 2489 dolis
1467 2460 1536 2490 ars

235 2513 390 2558 eximia
418 2514 480 2556 fit.
