1783 3070
633 227 931 268 -63-

136 346 225 387 Iam
266 357 384 387 nunc
423 358 515 386 non
558 343 747 401 suffieit,
787 345 914 403 quod
955 345 1200 388 Boeckhius
1246 352 1437 408 exponit,

134 432 264 475 posse
295 418 506 475 pluralem
544 420 669 478 sequi
701 427 805 477 post
841 419 1103 477 ‘singularem
1143 421 1190 464 in
1225 427 1437 468 sententia

134 493 324 551 generali
357 502 399 536 et
417 510 596 553 graecos
619 494 853 551 italoqui.
914 494 1037 538 Nunc
1064 497 1303 554 quaeritur,
1322 515 1438 557 quo-

135 566 275 621 modo
297 568 473 627 pluralis
495 576 721 627 sequatur,
737 582 837 611 cum
854 568 900 611 in
914 569 1205 627 praecedente
1220 566 1434 618 sententia

130 645 323 700 generali
352 644 603 689 Herodotus
632 644 870 701 praecipue
901 645 1111 702 cogitatus
1140 647 1280 691 suerit.
1341 652 1436 695 Sci-

132 718 235 761 licet
276 727 379 776 post
417 719 552 761 verba
593 718 631 758 εὶ
673 717 936 760 κατάκειται
974 727 1079 776 etc.·‚
1121 730 1260 765 mutat
1302 733 1434 782 poeta

134 796 320 839 omnino
348 795 596 837 ovationem
628 793 676 836 in
706 793 893 837 formam
925 808 1060 851 quam
1086 796 1272 839 maxime
1301 815 1434 857 gene-

130 871 281 914 ralema
344 867 638 913 certissimam
672 869 732 911 ob
764 881 960 927 causamg,
1001 878 1051 915 ut
1078 869 1211 915 dicat:
1259 883 1435 932 oportet

132 946 339 988 omnino:
369 959 474 1002 ergo
493 944 635 988 etiam
658 944 899 988 Herodoto.
961 945 1097 999 Quod
1128 956 1221 990 erat
1244 948 1436 992 demon-

129 1017 357 1061 strandum
389 1027 586 1077 propter·
601 1033 671 1061 res
701 1028 964 1077 praesentes.
1026 1020 1153 1079 Quae
1193 1031 1240 1064 ut
1269 1024 1432 1068 sentia-

130 1110 255 1150 mus,
287 1094 451 1138 faciunt
482 1095 638 1151 verba3
677 1096 754 1153 qui
786 1110 878 1138 non
908 1097 1065 1152 sentit,
1098 1106 1174 1140 aut
1203 1114 1294 1142 non
1325 1114 1430 1156 pro—

130 1169 220 1225 bat,
251 1168 291 1212 ei
319 1168 440 1212 locus
469 1184 563 1212 non
592 1184 721 1211 sanus
752 1178 828 1212 est.

630 1297 814 1338 Isthm.
850 1299 924 1338 11.

250 1396 298 1437 V.
330 1397 403 1438 39.
448 1391 688 1435 οὐδέ-ποτε
718 1391 863 1444 ξενίαν
893 1391 1019 1451 οὖρος
1046 1396 1295 1449 ἐμπνεύσας
1325 1397 1429 1437 ὑπέ-

131 1468 273 1513 στειλ’
305 1468 452 1511 ἱστίον
483 1467 606 1525 α’μφὶ
634 1466 873 1525 τράπεζαν·
911 1467 1010 1508 ἀλλ’
1052 1468 1184 1526 ἐπέρα
1215 1469 1320 1511 ποτὶ
1351 1471 1432 1525 μέν

130 1547 277 1587 Φᾶσιν
307 1540 523 1600 θερείαις,
560 1544 606 1585 ἐν
644 1539 692 1584 δὲ
729 1546 913 1600 χειμῶνι
940 1536 1091 1585 ’πλέων
1120 1540 1284 1585 Νείλου
1324 1545 1431 1603 πρὸς

131 1620 284 1669 ἀκτάς.
345 1620 393 1664 In
430 1619 499 1662 his
530 1626 604 1661 aut.
644 1633 799 1676 parum
844 1626 918 1662 aut
965 1619 1152 1664 nimium
1197 1620 1425 1677 explicant.-

130 1698 267 1740 Poeta
296 1696 388 1738 hoc
416 1694 542 1737 dicit:
573 1701 729 1736 nautae
761 1701 804 1738 et
831 1702 963 1736 vento
996 1709 1317 1751 nonnunquam
1349 1710 1428 1736 co-

128 1779 290 1830 guntur
319 1770 413 1813 vela
444 1768 691 1824 remittere,
722 1783 868 1826 neque
898 1783 980 1825 per
1014 1767 1206 1811 hiemem
1244 1778 1430 1827 possunt

129 1846 351 1903 navigare:
381 1843 637 1888 Xenocratis
668 1842 780 1884 nihil
809 1857 1008 1899 unquam
1030 1843 1293 1884 comminuit
1321 1843 1428 1885 hos-

127 1920 410 1979 pitalitatem3
449 1918 541 1961 imo
585 1917 709 1960 omni
746 1924 949 1974 tempore
995 1931 1166 1959 summa
1208 1931 1310 1960 usus
1349 1926 1425 1959 est.

129 1997 247 2040 Inter
267 1995 432 2039 Phasin
458 2000 755 2050 aestatemque
785 1999 831 2034 et
843 1991 987 2036 Nilum
1004 1990 1428 2049 hiememquenulla

127 2071 355 2129 singularis
380 2068 648 2112 coniunctio.
710 2065 798 2111 Sed
825 2066 1149 2123 coniunguntur
1178 2066 1252 2121 ita,
1280 2074 1329 2108 ut
1347 2080 1425 2108 co-

129 2145 375 2203 piosissime
414 2142 606 2198 dicatur,
641 2140 983 2198 hospitalitatem
1022 2140 1143 2182 illum
1187 2139 1427 2182 exercuisse

125 2234 299 2278 semper
330 2220 589 2263 maximam.-

617 2343 801 2382 Isthm.
826 2341 933 2380 m.

244 2443 291 2485 V.
320 2445 391 2485 31.
434 2438 634 2499 ἀνορέαις
663 2434 706 2480 δ’
732 2437 1008 2496 ἐσχάταισιν
1034 2439 1207 2480 οἴκοθεν
1234 2437 1428 2479 στάλαι-

125 2534 200 2563 σιν
249 2513 439 2559 ἅπτονθ’
477 2510 764 2574 Ἡρακλείαις.
826 2511 902 2554 καὶ
949 2509 1103 2568 μηκέτι
1150 2511 1428 2572 μακροτέραν

126 2590 334 2640 σπεύδειν
376 2590 552 2652 α’ρετάν.
635 2589 854 2634 Pauwius:
913 2586 1266 2632 subaudiendum
1311 2585 1427 2631 ἐστί.
