1783 3070
685 252 985 294 -69-

188 366 582 427 bene‘instituere,
615 387 764 429 quem.
783 371 989 414 novimus
1020 382 1199 423 omneS‚
1230 369 1495 425 experientia

190 440 361 499 edocti,
393 460 525 502 quam
558 446 722 505 peritus
753 445 859 489 artis
889 445 958 486 sit.

647 599 648 602 =
690 574 883 613 Isthm-
917 573 983 612 V.

303 669 352 712 In
382 685 508 713 versu
551 677 709 727 quarto
753 669 968 712 scribatur
1007 666 1246 724 δεξαμένου
1276 668 1492 724 (Λάμπω-

183 747 291 795 νος);
334 752 384 786 ut
422 751 540 786 recte
578 750 820 801 sequautur
858 744 991 788 verba
1024 740 1195 787 παίδων
1233 743 1492 786 ὁπλοτάτου

180 815 413 860 Φυλακίδα
455 820 669 867 νικῶντος.
738 816 978 874 Δεξάμενοι
1026 820 1265 876 explicatur
1308 819 1491 877 quidem

186 892 340 948 hodie,
370 891 450 934 sed
476 907 569 935 non
594 893 741 952 potuit
770 893 872 937 dici.
889 917 946 925 —
975 894 1024 937 In
1053 894 1339 953 sequentibus
1367 901 1491 952 post-

182 983 317 1025 quam
349 964 683 1011 ’κατασπένδειν
722 969 987 1012 disiunctum
1020 978 1109 1025 est,
1150 970 1283 1012 verba
1307 972 1490 1024 Αἴγιναν

178 1041 297 1083 κάτα
328 1041 501 1087 dicunt:
538 1042 616 1087 auf
634 1043 798 1103 Aegina
829 1044 980 1087 her-ab.
1011 1067 1069 1076 -
1118 1044 1167 1087 In
1196 1059 1235 1087 v.
1256 1047 1309 1087 71
1340 1043 1486 1086 verbis

177 1117 321 1174 μέτρα
350 1119 431 1173 μὲν
458 1117 609 1175 γνώμᾳ
640 1115 828 1177 διώκων,
864 1119 1010 1176 μέτρα
1050 1117 1099 1161 δὲ
1140 1118 1216 1160 καὶ
1256 1118 1483 1175 κατέχων·

175 1191 361 1247 γλῶσσα
383 1188 425 1233 δ’
443 1193 521 1234 οὐκ
540 1189 614 1242 ἔξω
635 1196 802 1251 φρενῶν
819 1193 908 1236 hoc
927 1193 1109 1237 dicitur:
1141 1193 1307 1252 Lampo
1322 1191 1483 1252 γνώμῃ,

176 1257 294 1326 ἔργῳ,
326 1265 504 1326 γλώσσῃ
535 1267 696 1326 μέτρον
725 1276 858 1310 tenet.
919 1268 1190 1326 Asyndeton,
1220 1267 1346 1326 quod
1363 1283 1483 1311 nunc

175 1341 396 1399 sequitur,
439 1338 574 1400 φαίης
605 1342 652 1384 κε’
691 1357 759 1384 νιν
789 1338 1009 1402 ἀνδράσιν
1040 1342 1317 1392 ἀθληταῖσιν
1346 1339 1481 1398 ἔμμεν

171 1414 347 1465 Ναξίαν
393 1415 574 1473 πέτραις
622 1417 669 1459 ἑν
720 1412 879 1466 ἄλλαις
925 1413 1270 1474 χαλκοδάμαντ’
1314 1411 1480 1460 ἀκόναν

176 1490 416 1541 (Dissenius
458 1491 732 1548 explicationi
768 1507 891 1534 suae:
941 1500 1160 1534 ”ceterum
1198 1491 1314 1534 redit
1348 1500 1481 1548 poeta

185 1581 285 1622 »per
313 1566 430 1608 hanc
462 1567 721 1608 sententiam
763 1581 865 1608 cum
902 1567 944 1609 vi
986 1566 1044 1610 ad
1073 1566 1338 1624 principium
1377 1566 1478 1620 loci,

185 1639 401 1694 »Λάμπων
433 1637 481 1682 δὲ
510 1641 700 1695 μελέταν
729 1637 863 1697 ἐ’ργοις
889 1638 1075 1692 ὀπάζων.
1116 1641 1226 1682 Hinc
1258 1648 1323 1681 est
1342 1654 1472 1696 asyn-

184 1713 358 1755 ·»deton«
408 1714 454 1756 in
495 1729 598 1769 suo,
641 1730 731 1772 quo
778 1715 1006 1770 utebatur,
1046 1714 1306 1770 exemplari,
1345 1712 1472 1770 quod

171 1787 282 1844 vidi,
314 1788 423 1831 haec
450 1788 582 1831 verba
612 1788 861 1847 adscripsit:
899 1789 981 1832 nisi
1010 1797 1159 1831 tamen
1194 1784 1244 1829 δέ
1273 1788 1469 1830 scriben-

171 1862 276 1904 dum
316 1878 397 1919 pro
440 1866 499 1912 κε)
542 1863 808 1920 asyndeton,
837 1864 1046 1920 inquam,
1076 1863 1228 1905 nititur
1265 1862 1311 1903 in
1342 1876 1473 1904 accu-

170 1937 410 1979 mulatione
456 1938 770 1979 sententiarum
819 1937 1040 1980 rhetorica
1088 1946 1132 1979 et
1184 1936 1472 1979 collocatione

169 2012 419 2068 verborum.
482 2012 584 2069 Qua
625 2010 831 2067 efficitur,
873 2020 923 2054 ut
963 2011 1082 2054 idem
1123 2010 1317 2066 dicatur,
1347 2024 1398 2052 ac
1435 2009 1471 2051 si

174 2085 408 2143 legeretur:
436 2086 618 2130 athletis
643 2101 755 2130 vero
785 2087 856 2128 ille
878 2094 959 2128 etc.
990 2087 1078 2128 vel:
1110 2085 1317 2142 denique,
1347 2082 1472 2140 quod

169 2160 363 2204 athletas
392 2159 585 2216 adtinet,
615 2161 689 2204 Iu's
715 2160 837 2202 illum
865 2159 1023 2202 dixeris
1051 2167 1132 2201 etc.

664 2298 848 2337 Isthm-
874 2297 966 2337 vl.

285 2394 331 2437 ln
363 2409 486 2436 versu
518 2392 692 2435 decimo
719 2393 932 2450 genitivus
959 2391 1174 2447 Σπαρτῶν
1205 2387 1466 2442 ἀκαμαντο-

164 2470 333 2527 λογχᾶν
366 2469 629 2526 negligenter
667 2468 914 2524 explicatur.
977 2464 1221 2522 Cogitatur:
1259 2458 1282 2510 ἢ
1318 2461 1466 2515 (μάλι-

164 2561 257 2587 στα
277 2543 425 2599 θυμὸν
443 2542 544 2585 τεὸν
569 2539 801 2601 εὔφρανας)
818 2539 1035 2597 Σπαρτῶν
1056 2536 1466 2594 ἀκαμαντολογχᾶν

163 2621 487 2680 εὐφρανὲεῖσα.
