1783 3070
678 260 973 301 ᾖ37...,

181 377 276 421 neis
304 375 522 420 Thebanis
552 370 749 437 Cyrenen
769 379 1009 422 seelebrariz
1048 376 1172 433 ·Quo
1205 376 1485 419 coniunctio-

184 467 289 496 nem
321 453 436 496 inter
459 453 629 497 Thebas
660 463 704 498 et
726 453 937 513 Cyrenas,
968 454 1092 512 quod
1122 453 1229 510 vult,
1262 451 1486 495 describit.

181 529 244 571 Ita
272 528 406 572 totius
440 529 524 573 loci
556 530 716 573 exstitit
744 526 987 572 structura.·
1024 527 1166 586 ”Αγεν,
1198 526 1337 581 ἔνθεν,
1366 524 1489 585 σεβί-

180 602 314 660 ζομεν
339 605 583 649 referuntur
613 603 1076 663 adverba'splendide
1095 606 1141 648 in
1163 604 1259 648 fine
1272 604 1488 647 collocata

180 679 383 738 Κυράνας
414 678 717 736 ἀγακτιμέναν
747 680 900 730 πόλινς
931 681 991 722 ita
1023 679 1228 737 quidem,
1256 688 1330 735 ut,
1361 677 1490 736 quod

177 769 247 798 res
277 754 383 812 fert,
433 755 481 797 in
521 754 666 796 verbis
705 750 804 810 ἄγεν
835 762 879 797 et
909 746 1033 807 ἔνθεν
1063 755 1171 797 urbs
1201 752 1487 813 Cyrenarum,

178 830 226 873 in
256 832 392 873 verbo
426 826 657 887 σεβίζομεν
691 828 856 887 Cyrene
886 830 1083 888 nympha
1115 828 1366 887 (Κυράνας)
1400 844 1481 871 co-

176 905 349 964 gitetur.
401 928 457 935 —-
517 904 653 961 Quod
682 907 971 950 necessarium
1001 905 1091 949 hoc
1119 920 1201 964 per
1226 905 1321 964 ipsa
1349 907 1482 949 verba

177 982 233 1023 ab
264 981 391 1023 initio
419 979 532 1036 dixi,
562 996 615 1022 eo
647 976 806 1023 factum
838 991 928 1037 est,
960 981 1087 1039 quod
1116 981 1246 1023 aliam
1279 981 1482 1036 omnino,

177 1070 268 1114 qua⁴
296 1055 407 1098 haec
426 1055 558 1098 verba
578 1054 666 1098 dici
695 1058 932 1113 potuerint,
962 1057 1181 1099 rationem
1200 1056 1478 1111 ,noninveni,

171 1131 305 1172 rebus
334 1121 436 1173 licet
465 1131 699 1187 suppositis
737 1131 805 1173 vel
834 1131 904 1173 his
933 1131 1001 1172 vel
1040 1131 1135 1172 illis.
1212 1129 1478 1187 Argumenta

176 1211 274 1247 mea
305 1205 470 1262 singula
498 1213 541 1246 et
573 1206 891 1261 conclusiones,
922 1205 1097 1262 copiam
1118 1205 1357 1248 verborum
1372 1220 1476 1261 per-

173 1279 457 1335 horrescens,
499 1294 593 1325 non
634 1278 851 1322 adscribo.
913 1279 1057 1322 Unum
1093 1278 1226 1322 addo.
1288 1279 1335 1321 Si
1373 1279 1473 1337 quis

171 1353 283 1396 forte
314 1354 646 1410 explicationem
678 1355 952 1411 propositam
984 1354 1173 1397 nimium
1191 1369 1327 1411 quam
1359 1369 1471 1397 con-

169 1436 331 1470 tortam
362 1428 445 1469 sibi
475 1427 625 1471 videri·
644 1427 800 1471 dixerit
820 1436 864 1470 et
888 1429 1137 1484 obscuram,
1166 1428 1274 1470 huic
1289 1443 1474 1485 respon-

172 1501 317 1545 debo:
358 1503 394 1544 si
437 1503 483 1545 in
515 1501 750 1558 notvffiflvqa
778 1504 1052 1547 Carneorum
1092 1502 1230 1559 ἐράνῳ
1261 1503 1473 1544 Thebano

173 1575 340 1634 Cyrene
368 1578 523 1633 simul,
553 1577 787 1635 Apollinis,
831 1592 966 1636 quam
999 1577 1204 1620 novimus
1234 1592 1259 1619 e
1289 1577 1472 1635 pythico

169 1652 363 1694 carmine
404 1667 525 1695 nono
539 1685 553 1709 ,
585 1667 729 1709 ;uxor,
765 1667 916 1695 revera
947 1652 1249 1697 celebrabatur
1290 1660 1474 1711 propter

168 1728 309 1782 gentis
338 1724 732 1783 propinquitatem,
763 1733 806 1768 et
836 1726 1035 1783 pulcrum
1070 1741 1341 1783 prorsusque
1368 1728 1474 1768 Pin-

171 1799 368 1844 daricum
410 1810 502 1844 erat
538 1802 598 1850 ita
636 1798 774 1860 loqui‘
790 1810 847 1844 :et
889 1816 1045 1844 omnes
1060 1833 1075 1857 ,
1115 1801 1213 1859 qui<
1229 1801 1471 1844 audiebant

168 1889 343 1920 sensum
352 1877 590 1919 verborum
605 1876 853 1921 'necessario
863 1890 925 1920 zac
938 1876 1142 1919 facillime
1158 1876 1471 1935 intelligebant.

629 2057 634 2060 V
670 1989 830 2060 >kytin.
860 2006 970 2046 v1.

288 2101 388 2144 Non
417 2101 602 2143 memini
630 2099 1005 2143 dulcius'carmen
1036 2101 1212 2159 legisse3
1232 2101 1327 2142 nisi
1358 2101 1472 2142 inter

167 2175 411 2217 Pindarica.
484 2177 654 2218 Verum⁴
675 2176 876 2218 laborare
907 2176 1028 2219 idem
1059 2177 1107 2218 in
1139 2175 1470 2218 commentariis

167 2249 467 2305 multipliciter
494 2249 629 2290 taceri
656 2249 829 2306 nequit.
881 2249 1018 2312 Quod
1047 2264 1177 2306 saepe
1206 2248 1344 2290 dolui.
1393 2249 1470 2291 At-

169 2338 257 2381 que
285 2322 332 2366 in
362 2323 505 2381 prima
531 2323 718 2381 stropha
733 2324 941 2369 ¹victoriae
957 2326 1140 2384 gloriam
1156 2324 1338 2381 Delphis
1358 2341 1469 2367 con-

168 2397 304 2440 ditam
331 2398 576 2456 θησαυροῖς
607 2399 867 2456 compara-ri·
884 2399 981 2457 illis,
1014 2399 1090 2458 qui
1122 2398 1168 2441 in
1190 2398 1300 2441 locis
1327 2407 1469 2442 certa-

166 2474 338 2517 minum
371 2471 573 2516 exstructi
599 2474 883 2531 videbantur,
912 2477 1223 2527 intellexerunt.
1246 2476 1468 2532 interpre-

167 2557 234 2592 tes
259 2549 537 2592 recentiores.
607 2548 745 2608 Quod.
784 2549 868 2607 ipsi
907 2557 1057 2597 tamen
1097 2549 1269 2593 irritum
1308 2549 1475 2594 faciunt

168 2625 395 2684 iungentes
435 2625 568 2669 verba
606 2623 835 2684 θησαυρός
870 2620 1048 2681 ὕμνων,
1096 2641 1252 2668 vocem
1299 2626 1477 2683 ἑτοῖμος
