1783 3070
752 183 1043 220 -10-

255 297 330 339 hie
362 305 444 339 est:
477 298 504 339 ὅ
533 296 722 345 πλοῦτος
753 297 931 351 α’ρεταῖς
967 292 1315 350 δεδαιδαλμένος
1345 295 1565 340 summum

256 370 431 415 homini
452 372 626 415 bonum
653 380 733 428 est,
763 372 801 415 si
828 369 1009 430 quidem
1035 369 1134 429 quis
1153 385 1256 414 eum
1279 371 1450 415 habens
1467 375 1564 416 vir-

258 456 351 488 tuce
380 449 522 488 utitur
559 450 689 502 (quae
721 443 1179 504 praecedunto'pevai
1210 447 1320 487 alius
1359 456 1461 489 sunt
1489 462 1566 503 ge-

261 523 405 572 neris).
468 520 606 578 Quod
636 521 699 562 sic
725 520 893 564 dictum
923 531 1006 565 est:
1045 522 1080 564 si
1112 521 1210 580 quis
1253 536 1355 563 eum
1395 521 1566 564 habens

259 596 381 637 novit
411 595 526 637 mala
554 595 713 652 poenis
743 595 946 638 affectum
978 597 1047 652 iri,
1073 598 1193 638 bona
1223 595 1432 653 praemiis
1459 596 1505 637 h.
1525 611 1563 637 e.

255 671 290 712 si
323 670 422 727 quis
452 669 542 712 hoe
572 678 719 712 mente
750 670 867 712 bene
897 678 1056 713 tenens
1086 672 1146 714 ita
1162 671 1277 714 vivit.
1340 670 1429 712 Iam
1454 670 1566 712 haee

254 759 356 786 eum
398 745 586 802 graviter
615 759 640 786 a
680 751 814 801 poeta
832 746 1102 803 -cogitentur
1144 747 1214 788 ita,
1243 745 1485 789 adduntur:
1525 744 1564 785 εἰ

255 815 303 860 δέ
336 835 411 874 μιν
439 811 551 877 ἔχων
582 834 649 867 τις
679 814 798 860 οἶδεν
829 819 885 861 τὸ
908 819 1084 875 μέλλον,
1116 817 1189 863 ὅτι
1212 830 1319 878 ete.3
1345 829 1395 863 ut
1411 820 1446 862 si
1466 820 1567 878 quis

254 894 444 950 diceret,
477 893 601 951 quod
631 908 738 936 vero
774 908 909 937 nemo
949 896 1201 953 eloquitur:
1241 911 1336 938 non
1360 906 1565 952 semper,

251 984 402 1011 verum
433 969 468 1011 si
500 976 581 1010 cet.
647 969 763 1011 Haec
794 969 908 1011 mihi
936 968 1143 1012 addenda
1170 970 1477 1012 Boeckhianae
1497 970 1563 1023 (in

251 1043 593 1094 commentariis)
635 1043 925 1101 disputationi
966 1043 1246 1087 videbantur.
1317 1044 1566 1087 Necessaria

251 1119 369 1161 enim
395 1127 438 1162 et
465 1118 636 1177 egregia
667 1119 715 1162 in
744 1120 833 1163 hoc
859 1120 961 1163 loco
991 1120 1147 1163 vocula
1177 1116 1239 1169 δέ,
1273 1121 1321 1163 in
1347 1134 1437 1181 qua
1468 1121 1568 1177 ipsa

250 1203 383 1251 poeta
415 1194 564 1252 coepit
592 1192 723 1251 βέλεα
754 1194 828 1237 illa
869 1202 1024 1237 contra
1068 1193 1339 1248 adv'ersarios
1378 1193 1566 1252 graviter

250 1270 451 1311 emittere
479 1269 766 1326 Theronique
790 1269 926 1312 ¹dulce
954 1269 1157 1311 solatium
1190 1283 1361 1311 canere.

373 1343 487 1386 Dein
519 1343 567 1387 in
603 1342 692 1386 fine
730 1343 937 1391 carminis
978 1343 1129 1387 verba:
1173 1341 1278 1384 ἀλλ’
1311 1337 1444 1385 αἶνον
1483 1338 1565 1400 ἔβα

251 1418 377 1475 κόρος
407 1420 459 1459 οὐ
487 1415 592 1475 δίκᾳ
630 1418 977 1473 συναντόμενος,
1010 1418 1130 1459 α’λλὰ
1171 1418 1345 1476 μάργων
1377 1417 1451 1458 ὑπ’
1484 1418 1566 1459 α’ν-

251 1490 366 1550 δρῶν
399 1502 481 1537 etc.
518 1509 701 1551 omnes,
736 1494 820 1537 nisi
861 1493 1007 1550 fallor,
1051 1493 1108 1537 de
1151 1509 1203 1537 eo
1253 1492 1569 1552 intelligebant,

253 1568 379 1626 quod
410 1570 604 1611 Theroni
636 1569 858 1611 acciderit.
932 1569 1277 1611 Sed·Pindarus
1314 1569 1565 1610 Theronem

254 1644 391 1686 modo
433 1643 626 1688 laudavit
668 1659 840 1687 summa
880 1643 1025 1687 laude.
1099 1645 1225 1688 Nunc
1267 1642 1410 1686 addit:
1460 1641 1566 1684 ἀλλ’

252 1715 381 1759 αἶνον
407 1710 487 1775 ἐ’βα
513 1717 653 1775 κόρος.
706 1717 821 1776 Ἕβα
854 1727 919 1761 est
948 1719 1135 1761 aoristus
1162 1719 1405 1761 sententiae
1434 1733 1567 1775 gene-

255 1794 377 1848 ralis,
404 1808 454 1835 ac
484 1794 714 1850 sententia,
751 1809 886 1852 quam
903 1793 1118 1837 Pindarus
1145 1793 1424 1851 interposuit7
1454 1793 1566 1835 haec

260 1878 346 1911 est:
379 1868 457 1912 sed
482 1869 657 1913 laudem
688 1870 909 1914 fastidium
940 1870 1067 1928 sequi
1092 1867 1215 1912 solet.
1280 1869 1454 1925 Quibus
1467 1884 1568 1912 ver-

257 1944 327 1987 bis
358 1953 487 2002 poeta
517 1945 692 1989 laudem
725 1946 864 1989 modo
888 1946 1092 1988 emissam
1124 1945 1362 2002 abrumpit.
1406 1944 1566 1987 Verum

257 2020 373 2076 satis,
403 2021 563 2080 inquit,
593 2017 719 2064 αἶνον
747 2017 828 2080 ἔβα
858 2020 997 2081 κόρος.
1062 2021 1152 2064 lam
1184 2020 1373 2063 nuncin
1401 2018 1569 2061 descri-

258 2097 408 2151 ptione
440 2096 633 2140 invidiae
663 2097 720 2139 ad
751 2112 821 2139 res
851 2105 1104 2154 praesentes
1135 2096 1315 2153 respicit
1346 2110 1439 2137 non
1470 2095 1566 2137 sine

262 2170 323 2211 ira
354 2186 402 2213 ac
432 2171 604 2215 studio:
636 2173 688 2213 οὐ
721 2167 826 2229 δίκᾳ
861 2171 1212 2228 συναντόμενος,
1246 2168 1367 2211 ἀλλὰ
1393 2168 1567 2226 μάργων

263 2245 332 2284 ὑπ’
363 2241 527 2304 ἀνδρῶν
556 2256 638 2290 etc.
703 2249 884 2292 Plurimi
913 2249 987 2291 hic
1014 2248 1070 2290 de
1099 2246 1365 2305 praestantia
1392 2246 1482 2288 sive
1510 2244 1567 2286 de

262 2318 461 2363 laudibus
487 2322 704 2365 Theronis
729 2322 898 2382 aliquid
920 2324 1149 2382 legebant3
1182 2320 1382 2365 nonnulli
1400 2319 1456 2363 de
1474 2319 1569 2363 aliis

265 2395 340 2449 qui
380 2396 564 2437 nimium
606 2397 878 2440 laudaverint
918 2398 1191 2440 hominibus.
1266 2396 1355 2450 Qui
1396 2409 1567 2448 omnes,

265 2475 496 2526 postquam
530 2474 799 2515 narrationes
828 2488 1087 2531 graecorum
1120 2472 1410 2530 interpretum
1429 2468 1569 2525 magis

265 2543 398 2584 secuti
439 2555 586 2602 erant,
625 2562 758 2605 quam
796 2548 1135 2607 perpetuitatem
1177 2547 1293 2602 loci,
1331 2543 1563 2589 admoneri
