<?xml version="1.0" encoding="UTF-8"?>
<!DOCTYPE html PUBLIC "-//W3C//DTD XHTML 1.0 Transitional//EN"
    "http://www.w3.org/TR/xhtml1/DTD/xhtml1-transitional.dtd">
<html xmlns="http://www.w3.org/1999/xhtml" xml:lang="en" lang="en">
 <head>
  <title>
</title>
<meta http-equiv="Content-Type" content="text/html;charset=utf-8" />
  <meta name='ocr-system' content='tesseract 3.04.00' />
  <meta name='ocr-capabilities' content='ocr_page ocr_carea ocr_par ocr_line ocrx_word'/>
</head>
<body>
  <div class='ocr_page' id='page_1' title='image "4630637_0034.png"; bbox 0 0 1783 3070; ppageno 0'>
   <div class='ocr_carea' id='block_1_1' title="bbox 786 154 1077 198">
    <p class='ocr_par' dir='ltr' id='par_1_1' title="bbox 786 154 1077 198">
     <span class='ocr_line' id='line_1_1' title="bbox 786 154 1077 198; baseline 0 -12"><span class='ocrx_word' id='word_1_1' title='bbox 786 154 1077 198; x_wconf 75' lang='lat'><strong>—24—</strong></span> 
     </span>
    </p>
   </div>
   <div class='ocr_carea' id='block_1_2' title="bbox 254 274 1619 2588">
    <p class='ocr_par' dir='ltr' id='par_1_2' title="bbox 285 274 1591 411">
     <span class='ocr_line' id='line_1_2' title="bbox 289 274 1591 334; baseline -0.003 -13"><span class='ocrx_word' id='word_1_2' title='bbox 289 278 410 323; x_wconf 83' lang='lat' dir='ltr'>aliud</span> <span class='ocrx_word' id='word_1_3' title='bbox 438 279 582 324; x_wconf 81' lang='lat' dir='ltr'>dicere</span> <span class='ocrx_word' id='word_1_4' title='bbox 615 276 786 332; x_wconf 73' lang='lat' dir='ltr'>videar,</span> <span class='ocrx_word' id='word_1_5' title='bbox 827 291 959 334; x_wconf 86' lang='lat' dir='ltr'>quam</span> <span class='ocrx_word' id='word_1_6' title='bbox 1002 274 1126 332; x_wconf 88' lang='lat' dir='ltr'>quod</span> <span class='ocrx_word' id='word_1_7' title='bbox 1157 275 1325 332; x_wconf 82' lang='lat' dir='ltr'>cogito:</span> <span class='ocrx_word' id='word_1_8' title='bbox 1355 291 1447 318; x_wconf 86' lang='lat' dir='ltr'>non</span> <span class='ocrx_word' id='word_1_9' title='bbox 1475 274 1591 330; x_wconf 80' lang='lat' dir='ltr'>dico,</span> 
     </span>
     <span class='ocr_line' id='line_1_3' title="bbox 285 351 1052 411; baseline -0.007 -14"><span class='ocrx_word' id='word_1_10' title='bbox 285 352 585 397; x_wconf 74' lang='grc' dir='ltr'><strong><em>ναυσίστονον</em></strong></span> <span class='ocrx_word' id='word_1_11' title='bbox 617 351 916 411; x_wconf 85' lang='lat' dir='ltr'>praedicatum</span> <span class='ocrx_word' id='word_1_12' title='bbox 949 366 1052 393; x_wconf 89' lang='lat' dir='ltr'>esse.</span> 
     </span>
    </p>

    <p class='ocr_par' dir='ltr' id='par_1_3' title="bbox 254 426 1607 1609">
     <span class='ocr_line' id='line_1_4' title="bbox 412 426 1594 485; baseline -0.003 -14"><span class='ocrx_word' id='word_1_13' title='bbox 412 430 476 471; x_wconf 86' lang='lat' dir='ltr'>Dc</span> <span class='ocrx_word' id='word_1_14' title='bbox 503 429 696 471; x_wconf 80' lang='lat' dir='ltr'>versibus</span> <span class='ocrx_word' id='word_1_15' title='bbox 727 428 927 485; x_wconf 84' lang='lat' dir='ltr'><strong>proxime</strong></span> <span class='ocrx_word' id='word_1_16' title='bbox 949 426 1247 485; x_wconf 65' lang='lat' dir='ltr'>sequentibus9</span> <span class='ocrx_word' id='word_1_17' title='bbox 1267 427 1457 481; x_wconf 71' lang='lat'><strong>75—79,</strong></span> <span class='ocrx_word' id='word_1_18' title='bbox 1480 426 1594 468; x_wconf 81' lang='lat' dir='ltr'>mui-</span> 
     </span>
     <span class='ocr_line' id='line_1_5' title="bbox 289 501 1593 562; baseline -0.005 -14"><span class='ocrx_word' id='word_1_19' title='bbox 289 514 354 548; x_wconf 87' lang='lat' dir='ltr'>tas</span> <span class='ocrx_word' id='word_1_20' title='bbox 383 504 471 548; x_wconf 82' lang='lat' dir='ltr'>vidi</span> <span class='ocrx_word' id='word_1_21' title='bbox 504 503 841 561; x_wconf 75' lang='lat' dir='ltr'>explicationeS‚</span> <span class='ocrx_word' id='word_1_22' title='bbox 874 518 1061 562; x_wconf 86' lang='lat' dir='ltr'>quarum</span> <span class='ocrx_word' id='word_1_23' title='bbox 1088 501 1250 545; x_wconf 86' lang='lat' dir='ltr'>nullam</span> <span class='ocrx_word' id='word_1_24' title='bbox 1281 501 1441 558; x_wconf 89' lang='lat' dir='ltr'>probo.</span> <span class='ocrx_word' id='word_1_25' title='bbox 1504 501 1593 558; x_wconf 86' lang='lat' dir='ltr'>Ego</span> 
     </span>
     <span class='ocr_line' id='line_1_6' title="bbox 294 574 1596 637; baseline -0.005 -15"><span class='ocrx_word' id='word_1_26' title='bbox 294 595 386 622; x_wconf 89' lang='lat' dir='ltr'>nou</span> <span class='ocrx_word' id='word_1_27' title='bbox 417 593 596 637; x_wconf 89' lang='lat' dir='ltr'>possum</span> <span class='ocrx_word' id='word_1_28' title='bbox 630 578 741 636; x_wconf 89' lang='lat' dir='ltr'>quin</span> <span class='ocrx_word' id='word_1_29' title='bbox 782 579 843 622; x_wconf 92' lang='lat' dir='ltr'>sic</span> <span class='ocrx_word' id='word_1_30' title='bbox 886 578 1142 637; x_wconf 82' lang='lat' dir='ltr'>intelligam:</span> <span class='ocrx_word' id='word_1_31' title='bbox 1175 575 1363 635; x_wconf 84' lang='grc' dir='ltr'><strong><em>α’ρέομαι</em></strong></span> <span class='ocrx_word' id='word_1_32' title='bbox 1393 574 1484 631; x_wconf 89' lang='grc' dir='ltr'>πὰρ</span> <span class='ocrx_word' id='word_1_33' title='bbox 1514 575 1596 630; x_wconf 87' lang='grc' dir='ltr'>μὲν</span> 
     </span>
     <span class='ocr_line' id='line_1_7' title="bbox 288 648 1596 711; baseline -0.003 -16"><span class='ocrx_word' id='word_1_34' title='bbox 288 655 545 709; x_wconf 81' lang='grc' dir='ltr'><strong><em>Σαλαμῖνος</em></strong></span> <span class='ocrx_word' id='word_1_35' title='bbox 563 648 815 696; x_wconf 55' lang='grc' dir='ltr'><strong><em>Ἀθαναίων</em></strong></span> <span class='ocrx_word' id='word_1_36' title='bbox 842 654 977 711; x_wconf 82' lang='grc' dir='ltr'><strong><em>χάριν</em></strong></span> <span class='ocrx_word' id='word_1_37' title='bbox 1003 652 1173 708; x_wconf 54' lang='grc' dir='ltr'><strong><em>μισθόν</em></strong></span> <span class='ocrx_word' id='word_1_38' title='bbox 1195 652 1291 705; x_wconf 86' lang='lat' dir='ltr'>(der</span> <span class='ocrx_word' id='word_1_39' title='bbox 1302 651 1494 693; x_wconf 87' lang='lat' dir='ltr'>Athener</span> <span class='ocrx_word' id='word_1_40' title='bbox 1510 650 1596 692; x_wconf 85' lang='lat' dir='ltr'>Ge-</span> 
     </span>
     <span class='ocr_line' id='line_1_8' title="bbox 289 724 1595 786; baseline -0.005 -14"><span class='ocrx_word' id='word_1_41' title='bbox 289 730 420 773; x_wconf 80' lang='lat' dir='ltr'>sallen</span> <span class='ocrx_word' id='word_1_42' title='bbox 463 730 525 772; x_wconf 79' lang='lat' dir='ltr'>als</span> <span class='ocrx_word' id='word_1_43' title='bbox 566 729 733 786; x_wconf 78' lang='lat' dir='ltr'>Lohu)‚</span> <span class='ocrx_word' id='word_1_44' title='bbox 780 731 825 772; x_wconf 87' lang='grc' dir='ltr'>ἐν</span> <span class='ocrx_word' id='word_1_45' title='bbox 871 731 1062 786; x_wconf 75' lang='grc' dir='ltr'><strong><em>Σπάρτᾳ</em></strong></span> <span class='ocrx_word' id='word_1_46' title='bbox 1104 724 1152 770; x_wconf 82' lang='grc' dir='ltr'>δὲ</span> <span class='ocrx_word' id='word_1_47' title='bbox 1191 727 1399 784; x_wconf 71' lang='grc' dir='ltr'><strong><em>(αἱρέομαι</em></strong></span> <span class='ocrx_word' id='word_1_48' title='bbox 1437 725 1595 784; x_wconf 88' lang='grc' dir='ltr'><strong><em>χάριν)</em></strong></span> 
     </span>
     <span class='ocr_line' id='line_1_9' title="bbox 289 799 1598 862; baseline -0.002 -17"><span class='ocrx_word' id='word_1_49' title='bbox 289 805 415 862; x_wconf 76' lang='grc' dir='ltr'><strong><em>ἐρέων</em></strong></span> <span class='ocrx_word' id='word_1_50' title='bbox 446 805 533 861; x_wconf 85' lang='grc' dir='ltr'>πρὸ</span> <span class='ocrx_word' id='word_1_51' title='bbox 563 805 836 862; x_wconf 52' lang='grc' dir='ltr'><strong><em>Κιθαιρῶνος</em></strong></span> <span class='ocrx_word' id='word_1_52' title='bbox 864 805 1037 861; x_wconf 85' lang='grc' dir='ltr'><strong><em>μάχαν,</em></strong></span> <span class='ocrx_word' id='word_1_53' title='bbox 1068 804 1191 861; x_wconf 86' lang='grc' dir='ltr'><strong><em>παρὰ</em></strong></span> <span class='ocrx_word' id='word_1_54' title='bbox 1209 801 1272 848; x_wconf 70' lang='grc' dir='ltr'>,δὲ</span> <span class='ocrx_word' id='word_1_55' title='bbox 1301 803 1386 844; x_wconf 89' lang='grc' dir='ltr'>τὰν</span> <span class='ocrx_word' id='word_1_56' title='bbox 1415 799 1598 857; x_wconf 81' lang='grc' dir='ltr'><strong><em>εὔυδρον</em></strong></span> 
     </span>
     <span class='ocr_line' id='line_1_10' title="bbox 254 872 1598 937; baseline -0.002 -16"><span class='ocrx_word' id='word_1_57' title='bbox 254 928 256 930; x_wconf 44' lang='grc'><strong>,</strong></span> <span class='ocrx_word' id='word_1_58' title='bbox 291 877 437 921; x_wconf 72' lang='grc' dir='ltr'><strong><em>ἀκτὰν</em></strong></span> <span class='ocrx_word' id='word_1_59' title='bbox 466 877 609 937; x_wconf 81' lang='grc' dir='ltr'><strong><em>Ἱμέρα</em></strong></span> <span class='ocrx_word' id='word_1_60' title='bbox 640 874 845 936; x_wconf 75' lang='grc' dir='ltr'><strong><em>(ἀρέομαι</em></strong></span> <span class='ocrx_word' id='word_1_61' title='bbox 872 878 1025 936; x_wconf 86' lang='grc' dir='ltr'><strong><em>χάριν)</em></strong></span> <span class='ocrx_word' id='word_1_62' title='bbox 1056 873 1297 921; x_wconf 79' lang='grc' dir='ltr'><strong><em>παίδεσσιν</em></strong></span> <span class='ocrx_word' id='word_1_63' title='bbox 1319 872 1466 933; x_wconf 77' lang='grc' dir='ltr'>ιὕμνον</span> <span class='ocrx_word' id='word_1_64' title='bbox 1497 873 1598 918; x_wconf 82' lang='grc' dir='ltr'><strong><em>Δει-</em></strong></span> 
     </span>
     <span class='ocr_line' id='line_1_11' title="bbox 290 932 1599 1010; baseline 0 -16"><span class='ocrx_word' id='word_1_65' title='bbox 290 952 490 1008; x_wconf 75' lang='grc' dir='ltr'><strong><em>νομένευς</em></strong></span> <span class='ocrx_word' id='word_1_66' title='bbox 519 951 737 1001; x_wconf 82' lang='grc' dir='ltr'><strong><em>τελέσαις.</em></strong></span> <span class='ocrx_word' id='word_1_67' title='bbox 802 954 891 995; x_wconf 86' lang='lat' dir='ltr'>Sed</span> <span class='ocrx_word' id='word_1_68' title='bbox 932 969 1025 995; x_wconf 90' lang='lat' dir='ltr'>non</span> <span class='ocrx_word' id='word_1_69' title='bbox 1065 953 1224 1008; x_wconf 77' lang='lat' dir='ltr'>video,</span> <span class='ocrx_word' id='word_1_70' title='bbox 1265 932 1497 1010; x_wconf 49' lang='lat' dir='ltr'>quamodo</span> <span class='ocrx_word' id='word_1_71' title='bbox 1529 952 1599 994; x_wconf 90' lang='lat' dir='ltr'>di-</span> 
     </span>
     <span class='ocr_line' id='line_1_12' title="bbox 290 1024 1600 1087; baseline -0.001 -17"><span class='ocrx_word' id='word_1_72' title='bbox 290 1043 388 1070; x_wconf 87' lang='lat' dir='ltr'>cere</span> <span class='ocrx_word' id='word_1_73' title='bbox 407 1028 641 1086; x_wconf 83' lang='lat' dir='ltr'>quisquam</span> <span class='ocrx_word' id='word_1_74' title='bbox 662 1029 800 1086; x_wconf 85' lang='lat' dir='ltr'><strong>possit</strong></span> <span class='ocrx_word' id='word_1_75' title='bbox 817 1027 1004 1087; x_wconf 78' lang='grc' dir='ltr'><strong><em>α’ρέομαι</em></strong></span> <span class='ocrx_word' id='word_1_76' title='bbox 1022 1024 1161 1086; x_wconf 70' lang='grc' dir='ltr'><strong><em>ἐρέων.</em></strong></span> <span class='ocrx_word' id='word_1_77' title='bbox 1199 1026 1459 1071; x_wconf 87' lang='lat' dir='ltr'>Tenendum</span> <span class='ocrx_word' id='word_1_78' title='bbox 1482 1025 1600 1086; x_wconf 74' lang='grc' dir='ltr'><strong><em>ε’ρέωε</em></strong></span> 
     </span>
     <span class='ocr_line' id='line_1_13' title="bbox 295 1101 1601 1159; baseline 0 -16"><span class='ocrx_word' id='word_1_79' title='bbox 295 1111 508 1144; x_wconf 70' lang='lat' dir='ltr'>structura</span> <span class='ocrx_word' id='word_1_80' title='bbox 539 1111 583 1144; x_wconf 90' lang='lat' dir='ltr'>et</span> <span class='ocrx_word' id='word_1_81' title='bbox 608 1118 737 1145; x_wconf 87' lang='lat' dir='ltr'>sensu</span> <span class='ocrx_word' id='word_1_82' title='bbox 765 1104 898 1145; x_wconf 86' lang='lat' dir='ltr'>totius</span> <span class='ocrx_word' id='word_1_83' title='bbox 929 1103 1016 1145; x_wconf 89' lang='lat' dir='ltr'>loci</span> <span class='ocrx_word' id='word_1_84' title='bbox 1048 1102 1234 1159; x_wconf 78' lang='lat' dir='ltr'>eodem3</span> <span class='ocrx_word' id='word_1_85' title='bbox 1272 1102 1355 1144; x_wconf 87' lang='lat' dir='ltr'>nisi</span> <span class='ocrx_word' id='word_1_86' title='bbox 1388 1101 1513 1159; x_wconf 85' lang='lat' dir='ltr'>quod</span> <span class='ocrx_word' id='word_1_87' title='bbox 1544 1101 1601 1144; x_wconf 86' lang='lat' dir='ltr'>ad</span> 
     </span>
     <span class='ocr_line' id='line_1_14' title="bbox 291 1175 1601 1237; baseline 0.001 -20"><span class='ocrx_word' id='word_1_88' title='bbox 291 1176 392 1235; x_wconf 76' lang='grc' dir='ltr'><strong><em>ἐρέω</em></strong></span> <span class='ocrx_word' id='word_1_89' title='bbox 424 1176 480 1218; x_wconf 87' lang='grc' dir='ltr'>τὸ</span> <span class='ocrx_word' id='word_1_90' title='bbox 512 1178 649 1237; x_wconf 89' lang='grc' dir='ltr'><strong><em>χάριν</em></strong></span> <span class='ocrx_word' id='word_1_91' title='bbox 679 1177 867 1236; x_wconf 81' lang='grc' dir='ltr'><strong><em>ἀρέομαι</em></strong></span> <span class='ocrx_word' id='word_1_92' title='bbox 898 1177 984 1221; x_wconf 86' lang='lat' dir='ltr'>alio</span> <span class='ocrx_word' id='word_1_93' title='bbox 1015 1193 1134 1220; x_wconf 91' lang='lat' dir='ltr'>nunc</span> <span class='ocrx_word' id='word_1_94' title='bbox 1164 1192 1215 1221; x_wconf 88' lang='lat' dir='ltr'>ac</span> <span class='ocrx_word' id='word_1_95' title='bbox 1236 1177 1445 1220; x_wconf 76' lang='lat' dir='ltr'>liberiore</span> <span class='ocrx_word' id='word_1_96' title='bbox 1463 1175 1601 1219; x_wconf 88' lang='lat' dir='ltr'>modo</span> 
     </span>
     <span class='ocr_line' id='line_1_15' title="bbox 294 1250 1604 1311; baseline -0.001 -18"><span class='ocrx_word' id='word_1_97' title='bbox 294 1251 481 1294; x_wconf 79' lang='lat' dir='ltr'>additur.</span> <span class='ocrx_word' id='word_1_98' title='bbox 550 1252 643 1295; x_wconf 90' lang='lat' dir='ltr'>Sic:</span> <span class='ocrx_word' id='word_1_99' title='bbox 696 1251 883 1308; x_wconf 86' lang='grc' dir='ltr'><strong><em>ἀρέομαι</em></strong></span> <span class='ocrx_word' id='word_1_100' title='bbox 921 1251 1012 1311; x_wconf 89' lang='grc' dir='ltr'>πὰρ</span> <span class='ocrx_word' id='word_1_101' title='bbox 1050 1252 1130 1307; x_wconf 86' lang='grc' dir='ltr'>μὲν</span> <span class='ocrx_word' id='word_1_102' title='bbox 1168 1252 1427 1307; x_wconf 87' lang='grc' dir='ltr'><strong><em>Σαλαμῖνος</em></strong></span> <span class='ocrx_word' id='word_1_103' title='bbox 1468 1250 1604 1292; x_wconf 56' lang='grc' dir='ltr'><strong><em>Ἀθα-</em></strong></span> 
     </span>
     <span class='ocr_line' id='line_1_16' title="bbox 294 1324 1605 1385; baseline -0.002 -15"><span class='ocrx_word' id='word_1_104' title='bbox 294 1326 425 1370; x_wconf 83' lang='grc' dir='ltr'><strong><em>ναίων</em></strong></span> <span class='ocrx_word' id='word_1_105' title='bbox 456 1327 590 1385; x_wconf 84' lang='grc' dir='ltr'><strong><em>χάριν</em></strong></span> <span class='ocrx_word' id='word_1_106' title='bbox 623 1327 804 1383; x_wconf 54' lang='grc' dir='ltr'><strong><em>μισθόν,</em></strong></span> <span class='ocrx_word' id='word_1_107' title='bbox 837 1330 882 1369; x_wconf 83' lang='grc' dir='ltr'>ἑν</span> <span class='ocrx_word' id='word_1_108' title='bbox 903 1327 1096 1384; x_wconf 79' lang='grc' dir='ltr'><strong><em>Σπάρτᾳ</em></strong></span> <span class='ocrx_word' id='word_1_109' title='bbox 1127 1324 1168 1369; x_wconf 78' lang='grc' dir='ltr'>δ’</span> <span class='ocrx_word' id='word_1_110' title='bbox 1196 1327 1297 1384; x_wconf 76' lang='grc' dir='ltr'><strong><em>,ἐρέω</em></strong></span> <span class='ocrx_word' id='word_1_111' title='bbox 1327 1326 1412 1385; x_wconf 89' lang='grc' dir='ltr'>πρὸ</span> <span class='ocrx_word' id='word_1_112' title='bbox 1444 1327 1605 1367; x_wconf 55' lang='grc' dir='ltr'><strong><em>Κιθαι-</em></strong></span> 
     </span>
     <span class='ocr_line' id='line_1_17' title="bbox 297 1402 1604 1460; baseline 0 -17"><span class='ocrx_word' id='word_1_113' title='bbox 297 1402 425 1458; x_wconf 78' lang='grc' dir='ltr'><strong><em>ρῶνος</em></strong></span> <span class='ocrx_word' id='word_1_114' title='bbox 458 1402 615 1460; x_wconf 86' lang='grc' dir='ltr'><strong><em>μάχαν</em></strong></span> <span class='ocrx_word' id='word_1_115' title='bbox 647 1402 815 1452; x_wconf 86' lang='lat' dir='ltr'>(eadem</span> <span class='ocrx_word' id='word_1_116' title='bbox 833 1402 1089 1447; x_wconf 85' lang='lat' dir='ltr'>conditione</span> <span class='ocrx_word' id='word_1_117' title='bbox 1109 1403 1154 1445; x_wconf 92' lang='lat' dir='ltr'>h.</span> <span class='ocrx_word' id='word_1_118' title='bbox 1170 1418 1206 1445; x_wconf 90' lang='lat' dir='ltr'>e.</span> <span class='ocrx_word' id='word_1_119' title='bbox 1226 1402 1363 1460; x_wconf 88' lang='grc' dir='ltr'><strong><em>χάριν</em></strong></span> <span class='ocrx_word' id='word_1_120' title='bbox 1393 1416 1443 1443; x_wconf 86' lang='grc' dir='ltr'>τε</span> <span class='ocrx_word' id='word_1_121' title='bbox 1474 1402 1604 1456; x_wconf 84' lang='grc' dir='ltr'><strong><em>ἀρέο-</em></strong></span> 
     </span>
     <span class='ocr_line' id='line_1_18' title="bbox 296 1474 1607 1536; baseline 0.002 -19"><span class='ocrx_word' id='word_1_122' title='bbox 296 1481 415 1532; x_wconf 89' lang='grc' dir='ltr'><strong><em>μαι),</em></strong></span> <span class='ocrx_word' id='word_1_123' title='bbox 447 1477 570 1536; x_wconf 85' lang='grc' dir='ltr'><strong><em>παρὰ</em></strong></span> <span class='ocrx_word' id='word_1_124' title='bbox 606 1474 654 1520; x_wconf 81' lang='grc' dir='ltr'>δὲ</span> <span class='ocrx_word' id='word_1_125' title='bbox 694 1477 780 1520; x_wconf 87' lang='grc' dir='ltr'>τὰν</span> <span class='ocrx_word' id='word_1_126' title='bbox 818 1474 998 1536; x_wconf 78' lang='grc' dir='ltr'><strong><em>εὔυδρον</em></strong></span> <span class='ocrx_word' id='word_1_127' title='bbox 1040 1477 1184 1521; x_wconf 82' lang='grc' dir='ltr'><strong><em>ἀκτὰν</em></strong></span> <span class='ocrx_word' id='word_1_128' title='bbox 1215 1478 1363 1536; x_wconf 88' lang='grc' dir='ltr'><strong><em>Ἱμέρα</em></strong></span> <span class='ocrx_word' id='word_1_129' title='bbox 1403 1477 1607 1536; x_wconf 84' lang='grc' dir='ltr'><strong><em>(ἀρέομαι</em></strong></span> 
     </span>
     <span class='ocr_line' id='line_1_19' title="bbox 296 1549 1447 1609; baseline 0.003 -18"><span class='ocrx_word' id='word_1_130' title='bbox 296 1552 446 1608; x_wconf 81' lang='grc' dir='ltr'><strong><em>χάριν)</em></strong></span> <span class='ocrx_word' id='word_1_131' title='bbox 477 1549 719 1594; x_wconf 82' lang='grc' dir='ltr'><strong><em>παίδεσσιν</em></strong></span> <span class='ocrx_word' id='word_1_132' title='bbox 750 1550 888 1607; x_wconf 78' lang='grc' dir='ltr'><strong><em>ὕμνον</em></strong></span> <span class='ocrx_word' id='word_1_133' title='bbox 920 1552 1201 1609; x_wconf 85' lang='grc' dir='ltr'><strong><em>Δεινομένευς</em></strong></span> <span class='ocrx_word' id='word_1_134' title='bbox 1228 1553 1447 1600; x_wconf 86' lang='grc' dir='ltr'><strong><em>τελέσαις.</em></strong></span> 
     </span>
    </p>

    <p class='ocr_par' dir='ltr' id='par_1_4' title="bbox 299 1624 1619 2588">
     <span class='ocr_line' id='line_1_20' title="bbox 417 1624 1609 1687; baseline -0.001 -18"><span class='ocrx_word' id='word_1_135' title='bbox 417 1628 463 1669; x_wconf 90' lang='lat' dir='ltr'>V.</span> <span class='ocrx_word' id='word_1_136' title='bbox 498 1625 570 1671; x_wconf 74' lang='lat'>84.</span> <span class='ocrx_word' id='word_1_137' title='bbox 613 1624 761 1671; x_wconf 80' lang='grc' dir='ltr'><strong><em>άστῶν</em></strong></span> <span class='ocrx_word' id='word_1_138' title='bbox 794 1626 837 1670; x_wconf 76' lang='grc' dir='ltr'>δ’</span> <span class='ocrx_word' id='word_1_139' title='bbox 868 1628 981 1670; x_wconf 66' lang='lat' dir='ltr'>duo&amp;</span> <span class='ocrx_word' id='word_1_140' title='bbox 1012 1629 1202 1687; x_wconf 79' lang='grc' dir='ltr'><strong><em>κρύφιον</em></strong></span> <span class='ocrx_word' id='word_1_141' title='bbox 1242 1626 1390 1683; x_wconf 68' lang='grc' dir='ltr'><strong><em>Ξνυμὸν</em></strong></span> <span class='ocrx_word' id='word_1_142' title='bbox 1428 1626 1609 1686; x_wconf 80' lang='grc' dir='ltr'><strong><em>βαρύνει</em></strong></span> 
     </span>
     <span class='ocr_line' id='line_1_21' title="bbox 299 1701 1609 1759; baseline 0.001 -17"><span class='ocrx_word' id='word_1_143' title='bbox 299 1702 489 1755; x_wconf 77' lang='grc' dir='ltr'><strong><em>μάλιστ’</em></strong></span> <span class='ocrx_word' id='word_1_144' title='bbox 526 1703 730 1745; x_wconf 83' lang='grc' dir='ltr'><strong><em>ἐσλοῖσιν</em></strong></span> <span class='ocrx_word' id='word_1_145' title='bbox 772 1703 842 1744; x_wconf 79' lang='grc' dir='ltr'>ἐπ’</span> <span class='ocrx_word' id='word_1_146' title='bbox 884 1701 1152 1759; x_wconf 83' lang='grc' dir='ltr'><strong><em>α’λλοτρίοις.</em></strong></span> <span class='ocrx_word' id='word_1_147' title='bbox 1233 1703 1350 1745; x_wconf 89' lang='lat' dir='ltr'>Haec</span> <span class='ocrx_word' id='word_1_148' title='bbox 1384 1703 1544 1758; x_wconf 83' lang='lat' dir='ltr'>verba,</span> <span class='ocrx_word' id='word_1_149' title='bbox 1573 1702 1609 1744; x_wconf 87' lang='lat' dir='ltr'>si</span> 
     </span>
     <span class='ocr_line' id='line_1_22' title="bbox 301 1777 1610 1835; baseline 0 -16"><span class='ocrx_word' id='word_1_150' title='bbox 301 1793 453 1819; x_wconf 79' lang='lat' dir='ltr'>verum</span> <span class='ocrx_word' id='word_1_151' title='bbox 484 1777 631 1820; x_wconf 78' lang='lat' dir='ltr'>dicere</span> <span class='ocrx_word' id='word_1_152' title='bbox 658 1778 783 1833; x_wconf 76' lang='lat' dir='ltr'>licet,</span> <span class='ocrx_word' id='word_1_153' title='bbox 815 1794 908 1820; x_wconf 89' lang='lat' dir='ltr'>non</span> <span class='ocrx_word' id='word_1_154' title='bbox 943 1779 1154 1835; x_wconf 89' lang='lat' dir='ltr'>explicata</span> <span class='ocrx_word' id='word_1_155' title='bbox 1197 1779 1252 1820; x_wconf 87' lang='lat' dir='ltr'>ab</span> <span class='ocrx_word' id='word_1_156' title='bbox 1297 1778 1610 1835; x_wconf 76' lang='lat' dir='ltr'>interpretibus</span> 
     </span>
     <span class='ocr_line' id='line_1_23' title="bbox 305 1839 1610 1906; baseline 0.002 -15"><span class='ocrx_word' id='word_1_157' title='bbox 305 1859 421 1906; x_wconf 82' lang='lat' dir='ltr'>sunt,</span> <span class='ocrx_word' id='word_1_158' title='bbox 452 1839 530 1892; x_wconf 87' lang='lat' dir='ltr'>sed</span> <span class='ocrx_word' id='word_1_159' title='bbox 562 1852 751 1894; x_wconf 88' lang='lat' dir='ltr'>cruciata</span> <span class='ocrx_word' id='word_1_160' title='bbox 782 1851 1099 1894; x_wconf 79' lang='lat' dir='ltr'>miserabiliter.</span> <span class='ocrx_word' id='word_1_161' title='bbox 1162 1851 1223 1894; x_wconf 88' lang='lat' dir='ltr'>Ac</span> <span class='ocrx_word' id='word_1_162' title='bbox 1256 1851 1386 1894; x_wconf 79' lang='lat' dir='ltr'>video</span> <span class='ocrx_word' id='word_1_163' title='bbox 1425 1853 1610 1894; x_wconf 89' lang='lat' dir='ltr'>omnino</span> 
     </span>
     <span class='ocr_line' id='line_1_24' title="bbox 307 1925 1611 1983; baseline 0.001 -16"><span class='ocrx_word' id='word_1_164' title='bbox 307 1926 367 1969; x_wconf 88' lang='lat' dir='ltr'>ita</span> <span class='ocrx_word' id='word_1_165' title='bbox 397 1926 464 1983; x_wconf 83' lang='lat' dir='ltr'>agi</span> <span class='ocrx_word' id='word_1_166' title='bbox 494 1925 541 1968; x_wconf 90' lang='lat' dir='ltr'>in</span> <span class='ocrx_word' id='word_1_167' title='bbox 572 1926 706 1981; x_wconf 77' lang='lat' dir='ltr'>locis,</span> <span class='ocrx_word' id='word_1_168' title='bbox 737 1926 783 1968; x_wconf 92' lang='lat' dir='ltr'>in</span> <span class='ocrx_word' id='word_1_169' title='bbox 815 1925 976 1983; x_wconf 89' lang='lat' dir='ltr'>quibus</span> <span class='ocrx_word' id='word_1_170' title='bbox 1008 1925 1271 1968; x_wconf 81' lang='lat' dir='ltr'>offendimus</span> <span class='ocrx_word' id='word_1_171' title='bbox 1310 1933 1493 1983; x_wconf 87' lang='lat' dir='ltr'>propter</span> <span class='ocrx_word' id='word_1_172' title='bbox 1528 1927 1611 1968; x_wconf 86' lang='lat' dir='ltr'><strong>ob·-</strong></span> 
     </span>
     <span class='ocr_line' id='line_1_25' title="bbox 307 2000 1613 2059; baseline 0.001 -17"><span class='ocrx_word' id='word_1_173' title='bbox 307 2001 558 2043; x_wconf 87' lang='lat' dir='ltr'>scuritatem</span> <span class='ocrx_word' id='word_1_174' title='bbox 604 2000 832 2056; x_wconf 72' lang='lat' dir='ltr'>dictionis,</span> <span class='ocrx_word' id='word_1_175' title='bbox 874 2008 923 2043; x_wconf 89' lang='lat' dir='ltr'>ut</span> <span class='ocrx_word' id='word_1_176' title='bbox 963 2000 1155 2058; x_wconf 87' lang='lat' dir='ltr'>primum</span> <span class='ocrx_word' id='word_1_177' title='bbox 1194 2000 1431 2044; x_wconf 84' lang='lat' dir='ltr'>verborum</span> <span class='ocrx_word' id='word_1_178' title='bbox 1479 2016 1613 2059; x_wconf 89' lang='lat' dir='ltr'>quem</span> 
     </span>
     <span class='ocr_line' id='line_1_26' title="bbox 305 2075 1613 2134; baseline 0 -15"><span class='ocrx_word' id='word_1_179' title='bbox 305 2077 473 2120; x_wconf 85' lang='lat' dir='ltr'>habent</span> <span class='ocrx_word' id='word_1_180' title='bbox 504 2075 725 2132; x_wconf 80' lang='lat' dir='ltr'>ordinem,</span> <span class='ocrx_word' id='word_1_181' title='bbox 756 2091 869 2134; x_wconf 89' lang='lat' dir='ltr'>quos</span> <span class='ocrx_word' id='word_1_182' title='bbox 899 2076 1067 2119; x_wconf 86' lang='lat' dir='ltr'>habent</span> <span class='ocrx_word' id='word_1_183' title='bbox 1096 2076 1344 2134; x_wconf 80' lang='lat' dir='ltr'>rhythmos,</span> <span class='ocrx_word' id='word_1_184' title='bbox 1374 2076 1613 2134; x_wconf 83' lang='lat' dir='ltr'>solvamus3</span> 
     </span>
     <span class='ocr_line' id='line_1_27' title="bbox 307 2151 1615 2209; baseline 0.002 -17"><span class='ocrx_word' id='word_1_185' title='bbox 307 2151 496 2207; x_wconf 81' lang='lat' dir='ltr'>deinde,</span> <span class='ocrx_word' id='word_1_186' title='bbox 535 2152 683 2194; x_wconf 87' lang='lat' dir='ltr'>anima</span> <span class='ocrx_word' id='word_1_187' title='bbox 723 2151 786 2193; x_wconf 89' lang='lat' dir='ltr'>sic</span> <span class='ocrx_word' id='word_1_188' title='bbox 821 2152 1061 2194; x_wconf 87' lang='lat' dir='ltr'>sententiae</span> <span class='ocrx_word' id='word_1_189' title='bbox 1099 2152 1222 2209; x_wconf 83' lang='lat' dir='ltr'>quasi</span> <span class='ocrx_word' id='word_1_190' title='bbox 1260 2151 1493 2208; x_wconf 79' lang='lat' dir='ltr'>dissipata,</span> <span class='ocrx_word' id='word_1_191' title='bbox 1523 2152 1615 2194; x_wconf 86' lang='lat' dir='ltr'>siu-</span> 
     </span>
     <span class='ocr_line' id='line_1_28' title="bbox 303 2226 1615 2285; baseline 0.002 -18"><span class='ocrx_word' id='word_1_192' title='bbox 303 2226 401 2283; x_wconf 84' lang='lat' dir='ltr'>gula</span> <span class='ocrx_word' id='word_1_193' title='bbox 426 2228 625 2270; x_wconf 84' lang='lat' dir='ltr'>membra</span> <span class='ocrx_word' id='word_1_194' title='bbox 641 2227 958 2270; x_wconf 87' lang='lat' dir='ltr'>circumeamus</span> <span class='ocrx_word' id='word_1_195' title='bbox 975 2236 1019 2271; x_wconf 88' lang='lat' dir='ltr'>et</span> <span class='ocrx_word' id='word_1_196' title='bbox 1040 2227 1441 2285; x_wconf 85' lang='lat' dir='ltr'>circumspiciamus</span> <span class='ocrx_word' id='word_1_197' title='bbox 1460 2235 1504 2270; x_wconf 91' lang='lat' dir='ltr'>et</span> <span class='ocrx_word' id='word_1_198' title='bbox 1518 2227 1615 2269; x_wconf 88' lang='lat' dir='ltr'>ani-</span> 
     </span>
     <span class='ocr_line' id='line_1_29' title="bbox 305 2302 1616 2360; baseline 0.002 -19"><span class='ocrx_word' id='word_1_199' title='bbox 305 2316 422 2342; x_wconf 86' lang='lat' dir='ltr'>mam</span> <span class='ocrx_word' id='word_1_200' title='bbox 456 2302 537 2345; x_wconf 83' lang='lat' dir='ltr'>illis</span> <span class='ocrx_word' id='word_1_201' title='bbox 569 2317 619 2344; x_wconf 84' lang='lat' dir='ltr'>ex</span> <span class='ocrx_word' id='word_1_202' title='bbox 647 2310 797 2344; x_wconf 86' lang='lat' dir='ltr'>nostra</span> <span class='ocrx_word' id='word_1_203' title='bbox 822 2310 969 2344; x_wconf 86' lang='lat' dir='ltr'>mente</span> <span class='ocrx_word' id='word_1_204' title='bbox 999 2317 1212 2345; x_wconf 86' lang='lat' dir='ltr'>conemur</span> <span class='ocrx_word' id='word_1_205' title='bbox 1239 2303 1477 2346; x_wconf 80' lang='lat' dir='ltr'>immittere</span> <span class='ocrx_word' id='word_1_206' title='bbox 1504 2317 1616 2360; x_wconf 84' lang='lat' dir='ltr'>qua-</span> 
     </span>
     <span class='ocr_line' id='line_1_30' title="bbox 308 2369 1619 2435; baseline 0.001 -19"><span class='ocrx_word' id='word_1_207' title='bbox 308 2375 514 2433; x_wconf 84' lang='lat' dir='ltr'>licunque</span> <span class='ocrx_word' id='word_1_208' title='bbox 542 2376 680 2419; x_wconf 87' lang='lat' dir='ltr'>modo</span> <span class='ocrx_word' id='word_1_209' title='bbox 712 2377 1085 2435; x_wconf 48' lang='lat' dir='ltr'>qualemcunque</span> <span class='ocrx_word' id='word_1_210' title='bbox 1127 2377 1456 2421; x_wconf 86' lang='lat' dir='ltr'>Recurrendum</span> <span class='ocrx_word' id='word_1_211' title='bbox 1486 2369 1619 2431; x_wconf 79' lang='lat' dir='ltr'>certe,</span> 
     </span>
     <span class='ocr_line' id='line_1_31' title="bbox 311 2450 1618 2511; baseline 0.002 -21"><span class='ocrx_word' id='word_1_212' title='bbox 311 2450 531 2509; x_wconf 86' lang='lat' dir='ltr'>quidquid</span> <span class='ocrx_word' id='word_1_213' title='bbox 548 2452 773 2508; x_wconf 81' lang='lat' dir='ltr'>instituere</span> <span class='ocrx_word' id='word_1_214' title='bbox 795 2461 977 2511; x_wconf 81' lang='lat' dir='ltr'>propter</span> <span class='ocrx_word' id='word_1_215' title='bbox 997 2453 1170 2510; x_wconf 84' lang='lat' dir='ltr'>linguae</span> <span class='ocrx_word' id='word_1_216' title='bbox 1189 2453 1455 2511; x_wconf 82' lang='lat' dir='ltr'>imperitiam</span> <span class='ocrx_word' id='word_1_217' title='bbox 1476 2451 1618 2494; x_wconf 89' lang='lat' dir='ltr'>coacti</span> 
     </span>
     <span class='ocr_line' id='line_1_32' title="bbox 314 2523 1615 2588; baseline 0.003 -21"><span class='ocrx_word' id='word_1_218' title='bbox 314 2523 541 2584; x_wconf 79' lang='lat' dir='ltr'>fuerimus,</span> <span class='ocrx_word' id='word_1_219' title='bbox 570 2527 627 2572; x_wconf 89' lang='lat' dir='ltr'>ad</span> <span class='ocrx_word' id='word_1_220' title='bbox 660 2528 799 2587; x_wconf 85' lang='lat' dir='ltr'>ipsam</span> <span class='ocrx_word' id='word_1_221' title='bbox 831 2529 1098 2586; x_wconf 71' lang='lat' dir='ltr'>verborum,</span> <span class='ocrx_word' id='word_1_222' title='bbox 1126 2544 1213 2588; x_wconf 81' lang='lat' dir='ltr'>qua</span> <span class='ocrx_word' id='word_1_223' title='bbox 1242 2537 1377 2588; x_wconf 82' lang='lat' dir='ltr'>poeta</span> <span class='ocrx_word' id='word_1_224' title='bbox 1405 2542 1507 2572; x_wconf 83' lang='lat' dir='ltr'>usus</span> <span class='ocrx_word' id='word_1_225' title='bbox 1537 2534 1615 2582; x_wconf 79' lang='lat' dir='ltr'>est,</span> 
     </span>
    </p>
   </div>
  </div>
 </body>
</html>
