1783 3070
762 198 1058 239 ...33-

261 323 412 365 nescio
442 338 534 380 quo
554 321 691 363 modo
720 321 1068 376 interpretantes.
1116 313 1367 365 cohaerent
1388 315 1563 368 ἑτοῖμος

260 394 407 453 ὕμνων
438 398 482 440 h.
514 413 555 448 e.,
583 405 632 439 ut
660 395 838 440 Pindari
867 392 1010 436 verbis
1040 390 1202 445 dicam,
1233 385 1424 439 δυνατὸς
1456 404 1567 445 παρ-

261 473 382 531 έχειν
410 471 549 513 πολύν
575 468 713 525 ὕμνον
743 472 810 513 vel
842 470 911 512 cui
942 465 1078 515 πολύς
1108 461 1233 514 αἶνος
1266 466 1460 519 ἑτοῖμος.-

380 548 430 590 In
459 548 592 589 altera
624 547 805 603 stropha
829 547 1024 603 primum
1042 540 1254 586 Pindarus
1283 555 1376 582 non
1395 539 1567 597 scripsit

254 620 552 676 “τ·υπτόμενον.
627 621 736 664 Nam
780 620 1012 662 necessitas
1048 618 1094 660 in
1123 617 1210 659 hoc
1247 616 1346 656 loco
1387 614 1563 670 poetica

260 713 311 740 ea
331 705 422 753 est,
450 705 500 739 ut
524 705 758 746 ventorum
789 697 854 738 vis
885 702 1105 752 augeatur,
1131 706 1224 735 'non
1255 699 1303 733 ut
1333 689 1448 732 ratio
1481 690 1565 731 τοῦ

259 770 462 828 ἄγεσθαι»
489 772 760 814 accumulate
787 770 1035 812 definiatur.
1080 768 1178 810 Non
1198 765 1306 807 illud
1323 762 1566 820 descripsit,

262 847 388 903 quod
419 856 570 905 negat,
606 846 685 888 sed
715 846 803 891 hoc
835 844 961 890 dixit:
1004 844 1071 885 vel
1103 841 1396 887 furiosissimis
1427 838 1566 882 ventis

259 922 416 964 frustra
454 922 707 963 thesaurum
729 920 872 966 -illum
918 916 1122 960 exerceri.
1202 916 1291 959 Iam
1337 916 1384 957 in
1423 913 1567 957 verbis

259 994 412 1049 ἄνεμοι
443 994 667 1052 παμφόρῳ
689 991 854 1050 χεράδι
883 992 1157 1046 τυπτόμενοι
1195 991 1403 1034 dicuntur
1430 989 1567 1042 venti,

259 1070 337 1126 qui
366 1084 547 1111 omnem
591 1068 823 1110 colluviem
865 1075 1013 1110 secum
1059 1065 1234 1119 ferunt,
1281 1064 1364 1120 ipsi
1400 1062 1565 1119 pulsari

256 1152 301 1185 et
330 1144 551 1186 verberari
583 1140 744 1200 χεράδι
776 1140 1037 1198 παμφόρῳ.’
1076 1138 1215 1193 Quod
1246 1146 1290 1180 et
1319 1138 1472 1194 pulcre
1495 1135 1565 1178 di-

255 1227 374 1275 ctum
403 1227 467 1262 est
496 1226 540 1261 et
564 1218 639 1274 ita,
669 1226 719 1260 ut
749 1216 961 1261 colluviei'
981 1216 1045 1258 vis
1074 1214 1215 1260 ventis
1245 1200 1438 1257 accedat.

401 1294 571 1335 Tertiae
600 1293 808 1350 strophae
840 1293 1014 1334 initium
1040 1291 1092 1333 vin
1122 1290 1395 1348 praefatione
1424 1288 1561 1345 tetigi.

258 1371 344 1411 Νιν
387 1368 603 1427 significat
652 1366 962 1425 ἐφημοσύνην,
1007 1375 1294 1425 quamquam*
1325 1365 1564 1423 praecedit.
1616 1367 1619 1370 ⁴

258 1443 397 1497 Quod
428 1459 485 1485 an
515 1444 611 1485 fieri
643 1444 782 1500 possit
801 1443 985 1485 omnino
1005 1450 1048 1484 et
1070 1441 1303 1499 quomodo
1324 1441 1419 1496 fiat,
1448 1454 1564 1484 nunc

260 1534 352 1560 non
385 1534 616 1576 exponam.
680 1519 744 1560 De
775 1518 864 1563 hoc
894 1518 994 1560 loco
1025 1524 1197 1561 tantum
1231 1516 1266 1559 si
1298 1517 1398 1574 quis
1429 1514 1563 1557 dubi-

254 1601 318 1635 tet
347 1592 610 1649 describam,
642 1608 730 1651 qua
760 1593 932 1637 ratione
963 1589 1561 1650 sensusvpronominismenti

256 1667 472 1710 audientis
504 1668 718 1711 afferatur.
780 1668 956 1711 Scilicet
985 1683 1070 1711 vox
1089 1668 1162 1710 illa
1184 1667 1435 1725 praeposita
1452 1665 1563 1722 σχέ-

257 1744 348 1784 ἓων
376 1744 577 1799 proxime
602 1744 838 1800 ,sequentia
874 1744 1087 1800 arripiens
1128 1743 1253 1800 quasi
1284 1750 1329 1784 et
1359 1756 1564 1798 compre-

260 1816 475 1871 hendenS,
504 1825 660 1859 ruente
687 1818 915 1874 rhythmo,
947 1817 1128 1863 adducit
1145 1817 1203 1859 ad
1217 1827 1374 1859 vocem
1393 1815 1562 1873 ὀρθάνς

260 1905 374 1947 quae
406 1891 499 1948 ipsa
530 1891 841 1948 cogitationem
872 1891 929 1932 ad
959 1905 1164 1948 sequenS,
1197 1890 1322 1947 quod
1343 1891 1459 1932 illico
1489 1905 1562 1931 ex-

255 1974 490 2022 spectatur,
519 1965 752 2022 protundit
770 1954 1099 2007 substantivum.
1141 1966 1292 2022 Itaque
1310 1980 1563 2022 pronomen

258 2040 315 2082 ad
345 2055 500 2082 vocem
532 2056 653 2082 suam
688 2049 805 2083 certa
831 2039 1159 2086 deducitmfvia.
1190 2064 1246 2071 —
1279 2038 1480 2082 Ceterum
1503 2039 1559 2081 de

257 2115 350 2170 ipsa
380 2116 597 2157 sententia
629 2129 679 2156 ac
716 2130 943 2172 progressu
981 2115 1299 2159 ⁴sententiarum
1343 2115 1388 2156 in
1428 2115 1561 2156 altera

254 2188 562 2231 adden'dorum
595 2198 719 2247 parte
752 2204 979 2247 exponam.
1055 2191 1198 2232 Unum
1239 2205 1356 2231 nunc
1396 2188 1560 2231 addere

255 2264 301 2304 in
334 2264 430 2304 loeo
458 2265 678 2322 singulari,
711 2264 913 2322 quod-ad
929 2264 1192 2310 methodum
1210 2265 1417 2322 pertinet,
1448 2263 1560 2306 mihi

253 2338 392 2379 liceat.
457 2340 718 2397 Ubicunque
742 2341 859 2381 enim
883 2341 1128 2398 legentibus
1144 2340 1276 2382 nobis
1305 2338 1481 2394 accidit,
1512 2346 1560 2379 ut

253 2429 308 2454 nc
340 2415 618 2470 pronominis
659 2415 1057 2472 quidcmsensum
1081 2417 1160 2458 'vel
1199 2415 1446 2457 subiectum
1492 2413 1558 2455 vel

253 2486 407 2530 similia
438 2490 697 2545 sentiamus,
725 2490 925 2547 primum
950 2490 1117 2547 singula
1149 2491 1282 2532 verba
1313 2487 1560 2545 expendere

256 2558 402 2604 denuo
432 2563 671 2609 debemus.v
695 2588 712 2611 ς
739 2566 802 2608 De
837 2567 999 2624 quibus
1041 2565 1178 2616 multa
1198 2573 1260 2607 'et
1289 2564 1406 2607 varia
1432 2576 1561 2619 saepe
