<?xml version="1.0" encoding="UTF-8"?>
<!DOCTYPE html PUBLIC "-//W3C//DTD XHTML 1.0 Transitional//EN"
    "http://www.w3.org/TR/xhtml1/DTD/xhtml1-transitional.dtd">
<html xmlns="http://www.w3.org/1999/xhtml" xml:lang="en" lang="en">
 <head>
  <title>
</title>
<meta http-equiv="Content-Type" content="text/html;charset=utf-8" />
  <meta name='ocr-system' content='tesseract 3.04.00' />
  <meta name='ocr-capabilities' content='ocr_page ocr_carea ocr_par ocr_line ocrx_word'/>
</head>
<body>
  <div class='ocr_page' id='page_1' title='image "4630637_0022.png"; bbox 0 0 1783 3070; ppageno 0'>
   <div class='ocr_carea' id='block_1_1' title="bbox 734 181 1033 221">
    <p class='ocr_par' dir='ltr' id='par_1_1' title="bbox 734 181 1033 221">
     <span class='ocr_line' id='line_1_1' title="bbox 734 181 1033 221; baseline 0.003 -13"><span class='ocrx_word' id='word_1_1' title='bbox 734 181 1033 221; x_wconf 65' lang='grc'>..12-</span> 
     </span>
    </p>
   </div>
   <div class='ocr_carea' id='block_1_2' title="bbox 226 290 1537 414">
    <p class='ocr_par' dir='ltr' id='par_1_2' title="bbox 226 290 1537 414">
     <span class='ocr_line' id='line_1_2' title="bbox 229 290 1537 356; baseline 0.005 -19"><span class='ocrx_word' id='word_1_2' title='bbox 229 290 423 340; x_wconf 61' lang='grc' dir='ltr'><strong><em>ἅπτονὲ’</em></strong></span> <span class='ocrx_word' id='word_1_3' title='bbox 451 293 740 356; x_wconf 78' lang='grc' dir='ltr'><strong><em>Ἡρακλείαις,</em></strong></span> <span class='ocrx_word' id='word_1_4' title='bbox 770 295 848 339; x_wconf 86' lang='lat' dir='ltr'>ubi</span> <span class='ocrx_word' id='word_1_5' title='bbox 879 300 993 349; x_wconf 87' lang='lat' dir='ltr'>unus</span> <span class='ocrx_word' id='word_1_6' title='bbox 1023 295 1355 342; x_wconf 80' lang='lat' dir='ltr'>scholiastamm</span> <span class='ocrx_word' id='word_1_7' title='bbox 1386 314 1537 343; x_wconf 81' lang='lat' dir='ltr'>verum</span> 
     </span>
     <span class='ocr_line' id='line_1_3' title="bbox 226 371 418 414; baseline 0 -2"><span class='ocrx_word' id='word_1_8' title='bbox 226 371 418 414; x_wconf 80' lang='lat' dir='ltr'>videbat.</span> 
     </span>
    </p>
   </div>
   <div class='ocr_carea' id='block_1_3' title="bbox 224 484 1537 1148">
    <p class='ocr_par' dir='ltr' id='par_1_3' title="bbox 706 484 1056 533">
     <span class='ocr_line' id='line_1_4' title="bbox 706 484 1056 533; baseline 0.003 -10"><span class='ocrx_word' id='word_1_9' title='bbox 706 484 924 533; x_wconf 76' lang='lat' dir='ltr'>olymp.</span> <span class='ocrx_word' id='word_1_10' title='bbox 959 485 1056 525; x_wconf 83' lang='lat' dir='ltr'>lv.</span> 
     </span>
    </p>

    <p class='ocr_par' dir='ltr' id='par_1_4' title="bbox 224 561 1537 1148">
     <span class='ocr_line' id='line_1_5' title="bbox 343 561 1537 625; baseline 0.002 -16"><span class='ocrx_word' id='word_1_11' title='bbox 343 565 389 609; x_wconf 85' lang='lat' dir='ltr'>V.</span> <span class='ocrx_word' id='word_1_12' title='bbox 427 568 494 608; x_wconf 87' lang='lat'>10.</span> <span class='ocrx_word' id='word_1_13' title='bbox 556 562 756 620; x_wconf 79' lang='grc' dir='ltr'><strong><em>Ψαύμιος</em></strong></span> <span class='ocrx_word' id='word_1_14' title='bbox 788 564 870 625; x_wconf 75' lang='grc' dir='ltr'>γὰρ</span> <span class='ocrx_word' id='word_1_15' title='bbox 914 561 996 607; x_wconf 87' lang='grc' dir='ltr'><em>ἵκει</em></span> <span class='ocrx_word' id='word_1_16' title='bbox 1034 563 1187 624; x_wconf 82' lang='grc' dir='ltr'><strong><em>ὀχέων.</em></strong></span> <span class='ocrx_word' id='word_1_17' title='bbox 1250 564 1425 609; x_wconf 78' lang='lat' dir='ltr'><strong>Veteres</strong></span> <span class='ocrx_word' id='word_1_18' title='bbox 1467 568 1537 611; x_wconf 90' lang='lat' dir='ltr'>in-</span> 
     </span>
     <span class='ocr_line' id='line_1_6' title="bbox 224 639 1536 698; baseline 0.002 -16"><span class='ocrx_word' id='word_1_19' title='bbox 224 649 434 698; x_wconf 84' lang='lat' dir='ltr'>terpretes</span> <span class='ocrx_word' id='word_1_20' title='bbox 465 640 574 683; x_wconf 86' lang='lat' dir='ltr'>fere:</span> <span class='ocrx_word' id='word_1_21' title='bbox 615 639 717 680; x_wconf 80' lang='grc' dir='ltr'><em>»ἵκει</em></span> <span class='ocrx_word' id='word_1_22' title='bbox 751 640 834 698; x_wconf 74' lang='grc' dir='ltr'>γὰρ</span> <span class='ocrx_word' id='word_1_23' title='bbox 866 640 939 682; x_wconf 82' lang='grc' dir='ltr'>ἐπὶ</span> <span class='ocrx_word' id='word_1_24' title='bbox 970 643 1169 696; x_wconf 81' lang='grc' dir='ltr'><strong><em>Ψαύμιος</em></strong></span> <span class='ocrx_word' id='word_1_25' title='bbox 1201 641 1359 698; x_wconf 84' lang='grc' dir='ltr'><em>ὀχέων,</em></span> <span class='ocrx_word' id='word_1_26' title='bbox 1399 643 1536 684; x_wconf 83' lang='lat' dir='ltr'>Psau-</span> 
     </span>
     <span class='ocr_line' id='line_1_7' title="bbox 233 714 1535 775; baseline 0.002 -19"><span class='ocrx_word' id='word_1_27' title='bbox 233 714 384 757; x_wconf 81' lang='lat' dir='ltr'>»midis</span> <span class='ocrx_word' id='word_1_28' title='bbox 421 715 539 758; x_wconf 88' lang='lat' dir='ltr'>enim</span> <span class='ocrx_word' id='word_1_29' title='bbox 579 729 708 758; x_wconf 88' lang='lat' dir='ltr'>curru</span> <span class='ocrx_word' id='word_1_30' title='bbox 745 714 956 758; x_wconf 79' lang='lat' dir='ltr'>vehitur.«</span> <span class='ocrx_word' id='word_1_31' title='bbox 1037 716 1124 760; x_wconf 90' lang='lat' dir='ltr'>Nisi</span> <span class='ocrx_word' id='word_1_32' title='bbox 1167 715 1292 775; x_wconf 89' lang='lat' dir='ltr'>quod</span> <span class='ocrx_word' id='word_1_33' title='bbox 1332 716 1535 760; x_wconf 87' lang='lat' dir='ltr'>Pauwius</span> 
     </span>
     <span class='ocr_line' id='line_1_8' title="bbox 224 789 1535 849; baseline 0.001 -16"><span class='ocrx_word' id='word_1_34' title='bbox 224 792 415 849; x_wconf 75' lang='lat' dir='ltr'>scripsit:</span> <span class='ocrx_word' id='word_1_35' title='bbox 453 789 613 849; x_wconf 85' lang='grc' dir='ltr'><strong><em>»ὀχέων</em></strong></span> <span class='ocrx_word' id='word_1_36' title='bbox 644 791 712 833; x_wconf 88' lang='lat' dir='ltr'>vel</span> <span class='ocrx_word' id='word_1_37' title='bbox 738 793 877 845; x_wconf 79' lang='grc' dir='ltr'><strong><em>κῶμος</em></strong></span> <span class='ocrx_word' id='word_1_38' title='bbox 896 791 964 833; x_wconf 64' lang='lat' dir='ltr'>&gt;vel</span> <span class='ocrx_word' id='word_1_39' title='bbox 992 791 1142 848; x_wconf 80' lang='grc' dir='ltr'><strong><em>φάος.«</em></strong></span> <span class='ocrx_word' id='word_1_40' title='bbox 1192 792 1304 834; x_wconf 90' lang='lat' dir='ltr'>Dein</span> <span class='ocrx_word' id='word_1_41' title='bbox 1321 792 1535 834; x_wconf 86' lang='lat' dir='ltr'>Herman-</span> 
     </span>
     <span class='ocr_line' id='line_1_9' title="bbox 226 865 1535 925; baseline 0.001 -17"><span class='ocrx_word' id='word_1_42' title='bbox 226 881 327 908; x_wconf 88' lang='lat' dir='ltr'>nus:</span> <span class='ocrx_word' id='word_1_43' title='bbox 368 866 499 908; x_wconf 80' lang='lat' dir='ltr'>»mira</span> <span class='ocrx_word' id='word_1_44' title='bbox 529 874 573 909; x_wconf 85' lang='lat' dir='ltr'>et</span> <span class='ocrx_word' id='word_1_45' title='bbox 603 865 880 908; x_wconf 78' lang='lat' dir='ltr'>incredibilia</span> <span class='ocrx_word' id='word_1_46' title='bbox 910 866 1154 909; x_wconf 82' lang='lat' dir='ltr'>commenti</span> <span class='ocrx_word' id='word_1_47' title='bbox 1184 874 1286 910; x_wconf 89' lang='lat' dir='ltr'>sunt</span> <span class='ocrx_word' id='word_1_48' title='bbox 1319 867 1535 925; x_wconf 83' lang='lat' dir='ltr'>interpre-</span> 
     </span>
     <span class='ocr_line' id='line_1_10' title="bbox 232 940 1535 1000; baseline 0 -18"><span class='ocrx_word' id='word_1_49' title='bbox 232 950 340 997; x_wconf 83' lang='lat' dir='ltr'>·›tes,</span> <span class='ocrx_word' id='word_1_50' title='bbox 384 949 433 983; x_wconf 85' lang='lat' dir='ltr'>ut</span> <span class='ocrx_word' id='word_1_51' title='bbox 475 940 715 1000; x_wconf 84' lang='lat' dir='ltr'>genitivum</span> <span class='ocrx_word' id='word_1_52' title='bbox 749 940 892 997; x_wconf 84' lang='grc' dir='ltr'><strong><em>ὀχέων</em></strong></span> <span class='ocrx_word' id='word_1_53' title='bbox 935 941 1214 998; x_wconf 85' lang='lat' dir='ltr'>explicarent.</span> <span class='ocrx_word' id='word_1_54' title='bbox 1274 941 1392 985; x_wconf 81' lang='lat' dir='ltr'>Nihil</span> <span class='ocrx_word' id='word_1_55' title='bbox 1424 956 1535 999; x_wconf 90' lang='lat' dir='ltr'>opus</span> 
     </span>
     <span class='ocr_line' id='line_1_11' title="bbox 232 1011 1533 1070; baseline -0.002 -12"><span class='ocrx_word' id='word_1_56' title='bbox 232 1017 319 1058; x_wconf 74' lang='lat' dir='ltr'>»his</span> <span class='ocrx_word' id='word_1_57' title='bbox 345 1015 574 1058; x_wconf 88' lang='lat' dir='ltr'>machinis.</span> <span class='ocrx_word' id='word_1_58' title='bbox 638 1016 731 1057; x_wconf 90' lang='lat' dir='ltr'>Hoc</span> <span class='ocrx_word' id='word_1_59' title='bbox 763 1014 892 1057; x_wconf 87' lang='lat' dir='ltr'>dicit:</span> <span class='ocrx_word' id='word_1_60' title='bbox 941 1011 1024 1055; x_wconf 83' lang='grc' dir='ltr'>ἵκει</span> <span class='ocrx_word' id='word_1_61' title='bbox 1066 1016 1089 1055; x_wconf 92' lang='grc' dir='ltr'><em>ὁ</em></span> <span class='ocrx_word' id='word_1_62' title='bbox 1133 1019 1298 1070; x_wconf 82' lang='grc' dir='ltr'><strong><em>κῶμος,</em></strong></span> <span class='ocrx_word' id='word_1_63' title='bbox 1336 1017 1533 1070; x_wconf 80' lang='grc' dir='ltr'><strong><em>Ψαύμιος</em></strong></span> 
     </span>
     <span class='ocr_line' id='line_1_12' title="bbox 230 1087 1532 1148; baseline 0.001 -17"><span class='ocrx_word' id='word_1_64' title='bbox 230 1091 389 1148; x_wconf 78' lang='grc' dir='ltr'><strong><em>»ὀχέων</em></strong></span> <span class='ocrx_word' id='word_1_65' title='bbox 419 1093 557 1146; x_wconf 83' lang='grc' dir='ltr'><strong><em>κῶμος</em></strong></span> <span class='ocrx_word' id='word_1_66' title='bbox 587 1087 676 1132; x_wconf 64' lang='grc' dir='ltr'>ῶνα</span> <span class='ocrx_word' id='word_1_67' title='bbox 748 1088 894 1144; x_wconf 87' lang='lat' dir='ltr'>Quem</span> <span class='ocrx_word' id='word_1_68' title='bbox 933 1090 1180 1132; x_wconf 83' lang='lat' dir='ltr'>Boeckhius</span> <span class='ocrx_word' id='word_1_69' title='bbox 1222 1096 1267 1132; x_wconf 84' lang='lat' dir='ltr'>et</span> <span class='ocrx_word' id='word_1_70' title='bbox 1306 1089 1532 1132; x_wconf 86' lang='lat' dir='ltr'>Dissenius</span> 
     </span>
    </p>
   </div>
   <div class='ocr_carea' id='block_1_4' title="bbox 222 1162 1567 1221">
    <p class='ocr_par' dir='ltr' id='par_1_5' title="bbox 222 1162 1567 1221">
     <span class='ocr_line' id='line_1_13' title="bbox 222 1162 1567 1221; baseline -0.002 -12"><span class='ocrx_word' id='word_1_71' title='bbox 222 1167 357 1209; x_wconf 86' lang='lat' dir='ltr'>secuti</span> <span class='ocrx_word' id='word_1_72' title='bbox 388 1174 501 1209; x_wconf 88' lang='lat' dir='ltr'>sunt.</span> <span class='ocrx_word' id='word_1_73' title='bbox 562 1166 685 1209; x_wconf 87' lang='lat' dir='ltr'>Male.</span> <span class='ocrx_word' id='word_1_74' title='bbox 747 1166 856 1209; x_wconf 88' lang='lat' dir='ltr'>Nam</span> <span class='ocrx_word' id='word_1_75' title='bbox 888 1164 1125 1215; x_wconf 84' lang='lat' dir='ltr'>Pindarus,</span> <span class='ocrx_word' id='word_1_76' title='bbox 1156 1173 1207 1208; x_wconf 86' lang='lat' dir='ltr'>ut</span> <span class='ocrx_word' id='word_1_77' title='bbox 1245 1164 1392 1221; x_wconf 80' lang='lat' dir='ltr'>dicat,</span> <span class='ocrx_word' id='word_1_78' title='bbox 1423 1162 1529 1207; x_wconf 55' lang='grc' dir='ltr'>ὅθεν</span> <span class='ocrx_word' id='word_1_79' title='bbox 1560 1209 1567 1215; x_wconf 58' lang='grc'>,</span> 
     </span>
    </p>
   </div>
   <div class='ocr_carea' id='block_1_5' title="bbox 224 1239 1533 1450">
    <p class='ocr_par' dir='ltr' id='par_1_6' title="bbox 224 1239 1533 1450">
     <span class='ocr_line' id='line_1_14' title="bbox 225 1239 1529 1298; baseline -0.002 -16"><span class='ocrx_word' id='word_1_80' title='bbox 225 1242 249 1282; x_wconf 90' lang='grc' dir='ltr'><em>ὁ</em></span> <span class='ocrx_word' id='word_1_81' title='bbox 281 1245 417 1295; x_wconf 80' lang='grc' dir='ltr'><strong><em>κῶμος</em></strong></span> <span class='ocrx_word' id='word_1_82' title='bbox 435 1242 595 1296; x_wconf 80' lang='lat' dir='ltr'>veniat,</span> <span class='ocrx_word' id='word_1_83' title='bbox 620 1241 819 1295; x_wconf 81' lang='grc' dir='ltr'><strong><em>Ψαύμιος</em></strong></span> <span class='ocrx_word' id='word_1_84' title='bbox 845 1240 940 1298; x_wconf 75' lang='grc' dir='ltr'><em>γὰρ,</em></span> <span class='ocrx_word' id='word_1_85' title='bbox 972 1241 1133 1297; x_wconf 77' lang='lat' dir='ltr'>inquit,</span> <span class='ocrx_word' id='word_1_86' title='bbox 1163 1240 1245 1280; x_wconf 83' lang='grc' dir='ltr'><em>ἵκει</em></span> <span class='ocrx_word' id='word_1_87' title='bbox 1263 1239 1402 1297; x_wconf 88' lang='grc' dir='ltr'><strong><em>ὀχέων</em></strong></span> <span class='ocrx_word' id='word_1_88' title='bbox 1429 1240 1473 1282; x_wconf 89' lang='lat' dir='ltr'>h.</span> <span class='ocrx_word' id='word_1_89' title='bbox 1492 1255 1529 1281; x_wconf 91' lang='lat' dir='ltr'>e.</span> 
     </span>
     <span class='ocr_line' id='line_1_15' title="bbox 225 1313 1533 1376; baseline -0.001 -18"><span class='ocrx_word' id='word_1_90' title='bbox 225 1330 249 1358; x_wconf 86' lang='lat' dir='ltr'>a</span> <span class='ocrx_word' id='word_1_91' title='bbox 281 1316 542 1360; x_wconf 75' lang='lat' dir='ltr'>Psaumidz&#39;s</span> <span class='ocrx_word' id='word_1_92' title='bbox 575 1315 692 1358; x_wconf 88' lang='lat' dir='ltr'>enim</span> <span class='ocrx_word' id='word_1_93' title='bbox 721 1330 850 1357; x_wconf 89' lang='lat' dir='ltr'>curru</span> <span class='ocrx_word' id='word_1_94' title='bbox 880 1315 999 1358; x_wconf 89' lang='lat' dir='ltr'>venit</span> <span class='ocrx_word' id='word_1_95' title='bbox 1026 1314 1254 1373; x_wconf 84' lang='lat' dir='ltr'>(originem</span> <span class='ocrx_word' id='word_1_96' title='bbox 1272 1313 1435 1370; x_wconf 77' lang='lat' dir='ltr'>habet),</span> <span class='ocrx_word' id='word_1_97' title='bbox 1453 1316 1533 1376; x_wconf 77' lang='lat' dir='ltr'>qui</span> 
     </span>
     <span class='ocr_line' id='line_1_16' title="bbox 224 1389 766 1450; baseline -0.004 -18"><span class='ocrx_word' id='word_1_98' title='bbox 224 1392 375 1433; x_wconf 71' lang='lat' dir='ltr'>victor</span> <span class='ocrx_word' id='word_1_99' title='bbox 404 1389 654 1450; x_wconf 82' lang='lat' dir='ltr'>olympicus</span> <span class='ocrx_word' id='word_1_100' title='bbox 685 1397 766 1431; x_wconf 84' lang='lat' dir='ltr'>etc.</span> 
     </span>
    </p>
   </div>
   <div class='ocr_carea' id='block_1_6' title="bbox 224 1502 1530 2089">
    <p class='ocr_par' dir='ltr' id='par_1_7' title="bbox 725 1502 1037 1549">
     <span class='ocr_line' id='line_1_17' title="bbox 725 1502 1037 1549; baseline -0.003 -8"><span class='ocrx_word' id='word_1_101' title='bbox 725 1503 938 1549; x_wconf 77' lang='lat' dir='ltr'>olymp.</span> <span class='ocrx_word' id='word_1_102' title='bbox 972 1502 1037 1540; x_wconf 76' lang='lat' dir='ltr'>V.</span> 
     </span>
    </p>

    <p class='ocr_par' dir='ltr' id='par_1_8' title="bbox 224 1577 1530 2089">
     <span class='ocr_line' id='line_1_18' title="bbox 343 1577 1528 1640; baseline 0.002 -17"><span class='ocrx_word' id='word_1_103' title='bbox 343 1583 388 1623; x_wconf 84' lang='lat' dir='ltr'>V.</span> <span class='ocrx_word' id='word_1_104' title='bbox 410 1584 450 1625; x_wconf 88' lang='lat'>5.</span> <span class='ocrx_word' id='word_1_105' title='bbox 493 1580 664 1640; x_wconf 85' lang='grc' dir='ltr'><strong><em>βωμοὺς</em></strong></span> <span class='ocrx_word' id='word_1_106' title='bbox 694 1578 736 1632; x_wconf 77' lang='grc' dir='ltr'>ἓξ</span> <span class='ocrx_word' id='word_1_107' title='bbox 765 1577 978 1637; x_wconf 78' lang='grc' dir='ltr'><strong><em>διδύμους</em></strong></span> <span class='ocrx_word' id='word_1_108' title='bbox 1008 1581 1205 1640; x_wconf 75' lang='grc' dir='ltr'>ἑγέραρεν</span> <span class='ocrx_word' id='word_1_109' title='bbox 1229 1583 1402 1640; x_wconf 76' lang='grc' dir='ltr'><strong><em>ἑορταῖς</em></strong></span> <span class='ocrx_word' id='word_1_110' title='bbox 1417 1583 1528 1625; x_wconf 57' lang='grc' dir='ltr'>θεῶν</span> 
     </span>
     <span class='ocr_line' id='line_1_19' title="bbox 224 1655 1530 1717; baseline 0.001 -19"><span class='ocrx_word' id='word_1_111' title='bbox 224 1655 453 1712; x_wconf 78' lang='grc' dir='ltr'><strong><em>μεγίσταις</em></strong></span> <span class='ocrx_word' id='word_1_112' title='bbox 483 1656 571 1698; x_wconf 79' lang='grc' dir='ltr'>ὑπὸ</span> <span class='ocrx_word' id='word_1_113' title='bbox 609 1655 873 1715; x_wconf 57' lang='grc' dir='ltr'><strong><em>βουθυσίαις</em></strong></span> <span class='ocrx_word' id='word_1_114' title='bbox 904 1656 1076 1699; x_wconf 59' lang='grc' dir='ltr'><strong><em>α’έὲλων</em></strong></span> <span class='ocrx_word' id='word_1_115' title='bbox 1111 1672 1160 1698; x_wconf 89' lang='grc' dir='ltr'>τε</span> <span class='ocrx_word' id='word_1_116' title='bbox 1200 1657 1530 1717; x_wconf 76' lang='grc' dir='ltr'><strong><em>πεμπταμέροις</em></strong></span> 
     </span>
     <span class='ocr_line' id='line_1_20' title="bbox 224 1728 1528 1787; baseline 0.002 -16"><span class='ocrx_word' id='word_1_117' title='bbox 224 1730 455 1785; x_wconf 83' lang='grc' dir='ltr'><strong><em>ἁμίλλαις,</em></strong></span> <span class='ocrx_word' id='word_1_118' title='bbox 482 1728 631 1777; x_wconf 87' lang='grc' dir='ltr'><strong><em>ἵπποις</em></strong></span> <span class='ocrx_word' id='word_1_119' title='bbox 662 1730 857 1785; x_wconf 82' lang='grc' dir='ltr'><strong><em>ἡμιόνοις</em></strong></span> <span class='ocrx_word' id='word_1_120' title='bbox 886 1745 936 1771; x_wconf 88' lang='grc' dir='ltr'>τε</span> <span class='ocrx_word' id='word_1_121' title='bbox 968 1729 1254 1787; x_wconf 80' lang='grc' dir='ltr'><strong><em>μοναμπυκίᾳ</em></strong></span> <span class='ocrx_word' id='word_1_122' title='bbox 1293 1745 1356 1774; x_wconf 40' lang='grc' dir='ltr'>τεὸ</span> <span class='ocrx_word' id='word_1_123' title='bbox 1419 1730 1528 1774; x_wconf 86' lang='lat' dir='ltr'>Cor-</span> 
     </span>
     <span class='ocr_line' id='line_1_21' title="bbox 226 1795 1528 1863; baseline 0.002 -16"><span class='ocrx_word' id='word_1_124' title='bbox 226 1804 432 1863; x_wconf 84' lang='lat' dir='ltr'>rigendae</span> <span class='ocrx_word' id='word_1_125' title='bbox 465 1805 752 1862; x_wconf 77' lang='lat' dir='ltr'>interpretum</span> <span class='ocrx_word' id='word_1_126' title='bbox 784 1804 841 1847; x_wconf 88' lang='lat' dir='ltr'>ad</span> <span class='ocrx_word' id='word_1_127' title='bbox 870 1805 990 1847; x_wconf 89' lang='lat' dir='ltr'>hunc</span> <span class='ocrx_word' id='word_1_128' title='bbox 1021 1795 1167 1847; x_wconf 85' lang='lat' dir='ltr'>locum</span> <span class='ocrx_word' id='word_1_129' title='bbox 1210 1805 1528 1863; x_wconf 83' lang='lat' dir='ltr'>disputationes</span> 
     </span>
     <span class='ocr_line' id='line_1_22' title="bbox 225 1878 1526 1924; baseline 0.002 -3"><span class='ocrx_word' id='word_1_130' title='bbox 225 1887 327 1921; x_wconf 83' lang='lat' dir='ltr'>sunt</span> <span class='ocrx_word' id='word_1_131' title='bbox 357 1880 429 1920; x_wconf 85' lang='lat' dir='ltr'>ita.</span> <span class='ocrx_word' id='word_1_132' title='bbox 492 1879 687 1924; x_wconf 90' lang='lat' dir='ltr'>Psaumis</span> <span class='ocrx_word' id='word_1_133' title='bbox 723 1878 977 1921; x_wconf 84' lang='lat' dir='ltr'>sacrificavit</span> <span class='ocrx_word' id='word_1_134' title='bbox 1017 1887 1061 1921; x_wconf 85' lang='lat' dir='ltr'>et</span> <span class='ocrx_word' id='word_1_135' title='bbox 1097 1887 1196 1921; x_wconf 89' lang='lat' dir='ltr'>ante</span> <span class='ocrx_word' id='word_1_136' title='bbox 1239 1881 1526 1923; x_wconf 85' lang='lat' dir='ltr'>certaminum</span> 
     </span>
     <span class='ocr_line' id='line_1_23' title="bbox 225 1952 1522 2013; baseline 0.003 -17"><span class='ocrx_word' id='word_1_137' title='bbox 225 1954 400 1996; x_wconf 83' lang='lat' dir='ltr'>initium</span> <span class='ocrx_word' id='word_1_138' title='bbox 436 1952 508 1996; x_wconf 90' lang='lat' dir='ltr'>die</span> <span class='ocrx_word' id='word_1_139' title='bbox 539 1953 851 1996; x_wconf 88' lang='lat' dir='ltr'>sacrificiorum</span> <span class='ocrx_word' id='word_1_140' title='bbox 884 1961 927 1996; x_wconf 84' lang='lat' dir='ltr'>et</span> <span class='ocrx_word' id='word_1_141' title='bbox 962 1967 1045 2013; x_wconf 85' lang='lat' dir='ltr'>per</span> <span class='ocrx_word' id='word_1_142' title='bbox 1083 1953 1182 1998; x_wconf 81' lang='lat' dir='ltr'>dies</span> <span class='ocrx_word' id='word_1_143' title='bbox 1219 1958 1522 2006; x_wconf 81' lang='lat' dir='ltr'>certaminum,</span> 
     </span>
     <span class='ocr_line' id='line_1_24' title="bbox 224 2027 1217 2089; baseline 0.002 -19"><span class='ocrx_word' id='word_1_144' title='bbox 224 2043 320 2071; x_wconf 84' lang='lat' dir='ltr'>cum</span> <span class='ocrx_word' id='word_1_145' title='bbox 350 2027 605 2072; x_wconf 81' lang='lat' dir='ltr'>certabatur</span> <span class='ocrx_word' id='word_1_146' title='bbox 634 2030 783 2089; x_wconf 77' lang='lat' dir='ltr'>equis,</span> <span class='ocrx_word' id='word_1_147' title='bbox 813 2027 1038 2078; x_wconf 81' lang='lat' dir='ltr'>mulabus,</span> <span class='ocrx_word' id='word_1_148' title='bbox 1070 2028 1217 2073; x_wconf 81' lang='lat' dir='ltr'>celete.</span> 
     </span>
    </p>
   </div>
   <div class='ocr_carea' id='block_1_7' title="bbox 711 2158 1043 2205">
    <p class='ocr_par' dir='ltr' id='par_1_9' title="bbox 711 2158 1043 2205">
     <span class='ocr_line' id='line_1_25' title="bbox 711 2158 1043 2205; baseline 0 -10"><span class='ocrx_word' id='word_1_149' title='bbox 711 2158 923 2205; x_wconf 77' lang='lat' dir='ltr'>olymp.</span> <span class='ocrx_word' id='word_1_150' title='bbox 947 2158 1043 2196; x_wconf 76' lang='lat' dir='ltr'>Vl.</span> 
     </span>
    </p>
   </div>
   <div class='ocr_carea' id='block_1_8' title="bbox 218 2232 1521 2368">
    <p class='ocr_par' dir='ltr' id='par_1_10' title="bbox 218 2232 1521 2368">
     <span class='ocr_line' id='line_1_26' title="bbox 337 2232 1521 2296; baseline 0.003 -18"><span class='ocrx_word' id='word_1_151' title='bbox 337 2236 383 2278; x_wconf 87' lang='lat' dir='ltr'>V.</span> <span class='ocrx_word' id='word_1_152' title='bbox 406 2234 449 2278; x_wconf 76' lang='lat'>4.</span> <span class='ocrx_word' id='word_1_153' title='bbox 494 2237 532 2278; x_wconf 88' lang='grc' dir='ltr'>εὶ</span> <span class='ocrx_word' id='word_1_154' title='bbox 564 2232 605 2277; x_wconf 82' lang='grc' dir='ltr'>δ’</span> <span class='ocrx_word' id='word_1_155' title='bbox 638 2239 701 2284; x_wconf 83' lang='grc' dir='ltr'>εἴη</span> <span class='ocrx_word' id='word_1_156' title='bbox 732 2237 812 2292; x_wconf 85' lang='grc' dir='ltr'><strong><em>μὲν</em></strong></span> <span class='ocrx_word' id='word_1_157' title='bbox 845 2246 925 2280; x_wconf 86' lang='lat' dir='ltr'>etc.</span> <span class='ocrx_word' id='word_1_158' title='bbox 989 2238 1168 2281; x_wconf 85' lang='lat' dir='ltr'>Faciunt</span> <span class='ocrx_word' id='word_1_159' title='bbox 1197 2240 1521 2296; x_wconf 86' lang='lat' dir='ltr'>commentarii,</span> 
     </span>
     <span class='ocr_line' id='line_1_27' title="bbox 218 2312 1520 2368; baseline 0.003 -16"><span class='ocrx_word' id='word_1_160' title='bbox 218 2319 265 2353; x_wconf 86' lang='lat' dir='ltr'>ut</span> <span class='ocrx_word' id='word_1_161' title='bbox 295 2326 516 2368; x_wconf 74' lang='lat' dir='ltr'>moneam,</span> <span class='ocrx_word' id='word_1_162' title='bbox 548 2312 793 2355; x_wconf 88' lang='lat' dir='ltr'>subiectum</span> <span class='ocrx_word' id='word_1_163' title='bbox 822 2314 941 2356; x_wconf 87' lang='lat' dir='ltr'>vocis</span> <span class='ocrx_word' id='word_1_164' title='bbox 970 2316 1032 2362; x_wconf 82' lang='grc' dir='ltr'>εἴη</span> <span class='ocrx_word' id='word_1_165' title='bbox 1061 2330 1154 2357; x_wconf 91' lang='lat' dir='ltr'>non</span> <span class='ocrx_word' id='word_1_166' title='bbox 1183 2329 1274 2356; x_wconf 90' lang='lat' dir='ltr'>esse</span> <span class='ocrx_word' id='word_1_167' title='bbox 1290 2312 1369 2363; x_wconf 79' lang='grc' dir='ltr'><strong><em>τίς.</em></strong></span> <span class='ocrx_word' id='word_1_168' title='bbox 1433 2314 1520 2356; x_wconf 90' lang='lat' dir='ltr'>Co-</span> 
     </span>
    </p>
   </div>
   <div class='ocr_carea' id='block_1_9' title="bbox 215 2384 1539 2444">
    <p class='ocr_par' dir='ltr' id='par_1_11' title="bbox 215 2384 1539 2444">
     <span class='ocr_line' id='line_1_28' title="bbox 215 2384 1539 2444; baseline 0.002 -17"><span class='ocrx_word' id='word_1_169' title='bbox 215 2385 439 2442; x_wconf 81' lang='lat' dir='ltr'>gitandum</span> <span class='ocrx_word' id='word_1_170' title='bbox 470 2401 495 2429; x_wconf 87' lang='lat' dir='ltr'>a</span> <span class='ocrx_word' id='word_1_171' title='bbox 527 2387 656 2429; x_wconf 91' lang='lat' dir='ltr'>nobis</span> <span class='ocrx_word' id='word_1_172' title='bbox 688 2402 780 2429; x_wconf 89' lang='lat' dir='ltr'>non</span> <span class='ocrx_word' id='word_1_173' title='bbox 809 2387 1146 2444; x_wconf 77' lang='lat' dir='ltr'>»jemand«‚sed</span> <span class='ocrx_word' id='word_1_174' title='bbox 1177 2388 1382 2432; x_wconf 88' lang='lat' dir='ltr'>distincte</span> <span class='ocrx_word' id='word_1_175' title='bbox 1422 2404 1508 2430; x_wconf 71' lang='lat' dir='ltr'>ner«</span> <span class='ocrx_word' id='word_1_176' title='bbox 1537 2384 1539 2387; x_wconf 52' lang='grc'><strong>”</strong></span> 
     </span>
    </p>
   </div>
   <div class='ocr_carea' id='block_1_10' title="bbox 211 2459 1517 2595">
    <p class='ocr_par' dir='ltr' id='par_1_12' title="bbox 211 2459 1517 2595">
     <span class='ocr_line' id='line_1_29' title="bbox 214 2459 1517 2518; baseline -0.001 -14"><span class='ocrx_word' id='word_1_177' title='bbox 214 2459 259 2504; x_wconf 84' lang='lat' dir='ltr'>h.</span> <span class='ocrx_word' id='word_1_178' title='bbox 293 2475 328 2500; x_wconf 87' lang='lat' dir='ltr'>e.</span> <span class='ocrx_word' id='word_1_179' title='bbox 360 2476 452 2502; x_wconf 89' lang='lat' dir='ltr'>non</span> <span class='ocrx_word' id='word_1_180' title='bbox 484 2461 669 2518; x_wconf 83' lang='lat' dir='ltr'>Agesias‚</span> <span class='ocrx_word' id='word_1_181' title='bbox 701 2461 780 2503; x_wconf 85' lang='lat' dir='ltr'>sed</span> <span class='ocrx_word' id='word_1_182' title='bbox 811 2462 930 2518; x_wconf 81' lang='grc' dir='ltr'><strong><em>α’νήρ.</em></strong></span> <span class='ocrx_word' id='word_1_183' title='bbox 994 2461 1053 2503; x_wconf 76' lang='lat' dir='ltr'>Cf.</span> <span class='ocrx_word' id='word_1_184' title='bbox 1083 2462 1204 2505; x_wconf 87' lang='lat' dir='ltr'>Nem.</span> <span class='ocrx_word' id='word_1_185' title='bbox 1224 2461 1381 2518; x_wconf 77' lang='lat' dir='ltr'><strong>1x‚46.</strong></span> <span class='ocrx_word' id='word_1_186' title='bbox 1415 2463 1517 2504; x_wconf 81' lang='lat' dir='ltr'>Sin-</span> 
     </span>
     <span class='ocr_line' id='line_1_30' title="bbox 211 2533 1515 2595; baseline 0.004 -20"><span class='ocrx_word' id='word_1_187' title='bbox 211 2533 358 2591; x_wconf 81' lang='lat' dir='ltr'>gulare</span> <span class='ocrx_word' id='word_1_188' title='bbox 387 2534 431 2577; x_wconf 90' lang='lat' dir='ltr'>in</span> <span class='ocrx_word' id='word_1_189' title='bbox 453 2535 539 2577; x_wconf 87' lang='lat' dir='ltr'>hoc</span> <span class='ocrx_word' id='word_1_190' title='bbox 569 2536 684 2592; x_wconf 83' lang='lat' dir='ltr'>loco,</span> <span class='ocrx_word' id='word_1_191' title='bbox 712 2535 836 2595; x_wconf 85' lang='lat' dir='ltr'>quod</span> <span class='ocrx_word' id='word_1_192' title='bbox 868 2552 961 2581; x_wconf 87' lang='lat' dir='ltr'>non</span> <span class='ocrx_word' id='word_1_193' title='bbox 992 2537 1134 2580; x_wconf 85' lang='lat' dir='ltr'>solum</span> <span class='ocrx_word' id='word_1_194' title='bbox 1160 2538 1376 2580; x_wconf 84' lang='lat' dir='ltr'>sententia</span> <span class='ocrx_word' id='word_1_195' title='bbox 1406 2552 1515 2581; x_wconf 85' lang='lat' dir='ltr'>con-</span> 
     </span>
    </p>
   </div>
  </div>
 </body>
</html>
