1783 3070
684 289 875 329 Istrum.
903 289 1027 329 vll.

321 364 450 423 Quae
483 365 706 408 Dissenius
734 366 959 409 adnotavit
989 365 1046 408 ad
1073 368 1375 424 prooemium:
1416 386 1512 413 »or—

210 438 350 481 »ditur
381 440 655 497 coryphaeus
687 441 865 484 Pindari
902 449 1046 499 partes
1082 456 1238 499 agenS,
1274 459 1408 500 quem
1441 444 1511 487 di-

209 528 329 555 ncere
360 513 471 555 haec
497 523 603 571 puta
635 515 775 558 choro
806 515 1049 559 Teiesarchi
1081 516 1343 559 vestibulum
1378 533 1511 561 oecu-

209 595 384 644 ·›pante‹·
397 619 411 643 ,
434 588 527 645 ipsa
544 588 726 646 quidem
745 606 838 632 non
861 591 1055 649 indigere
1081 591 1344 634 refutatione
1358 592 1514 634 viden-

195 670 282 718 tur,
311 662 390 706 sed
422 672 609 707 monent
636 680 723 721 me,
755 673 803 708 ut
824 666 870 708 in
900 666 1151 709 universum
1182 665 1238 709 de
1258 666 1512 724 coryphaeo

196 738 242 779 in
274 739 613 795 explicationem
652 741 899 782 carminum
935 741 1270 783 Pindaricorum
1312 741 1510 783 immisso

197 813 339 855 tribus
370 814 516 856 verbis
547 813 708 856 dicam.
756 816 1133 874 Prima-cuiusque
1152 816 1357 859 carminis
1376 816 1510 858 verba

172 902 222 929 .a
241 888 503 945 -coryphaeo
534 890 820 930 canebantur.
854 888 1026 931 Deinde
1053 890 1214 933 chorus
1232 891 1508 950 concinebat.

196 963 289 1004 Hoc
319 962 482 1005 docere
513 962 856 1005 videtur.eodex
873 964 1111 1006 Siciliensis
1125 964 1336 1007 Kircheri.
1376 965 1511 1020 Quod

194 1039 229 1079 si
262 1053 414 1080 verum
447 1046 526 1093 est,
558 1038 850 1080 necessarium
882 1037 964 1080 fuit
994 1039 1061 1081 vel
1087 1038 1294 1081 usitatum
1322 1048 1511 1096 propter

195 1128 287 1154 rem
320 1113 547 1155 musicam.
597 1113 644 1154 In
666 1112 735 1155 his
754 1112 1096 1155 subsistendum.
1136 1113 1261 1168 Quae
1281 1122 1508 1171 praeterea

194 1196 503 1243 exponuntur,
545 1188 648 1229 salsa
699 1196 812 1229 sunt.
895 1188 1049 1245 Neque
1100 1189 1247 1245 piures
1293 1203 1509 1245 unquam,

193 1277 345 1319 quam,
366 1263 455 1320 -qui
485 1263 628 1320 ipsum
656 1262 885 1304 introitum
906 1271 1141 1320 occupant,
1169 1277 1331 1318 versus,
1361 1278 1509 1320 neque

192 1352 343 1379 sensus
374 1353 529 1379 eorum
559 1337 807 1396 quidquam
829 1352 929 1379 eum
949 1338 1204 1395 coryphaeo
1229 1338 1365 1380 habet
1385 1353 1511 1380 com-—

191 1428 342 1454 mune.
407 1412 619 1468 Delenda‚
652 1428 767 1470 quae
797 1412 1044 1455 Boeekhius
1067 1413 1378 1470 Disseniusque
1404 1429 1507 1470 pas-

190 1488 271 1529 sim
314 1488 359 1529 in
393 1488 723 1530 commentariis
756 1485 1027 1545 singulorum
1074 1487 1345 1542 carminum,
1390 1489 1508 1529 velut

192 1564 369 1620 (Hymp.
404 1564 433 1618 Ι,
465 1563 689 1618 Nem-111,
722 1563 792 1617 aL,
823 1561 880 1603 de
912 1562 1164 1618 coryphaeo
1194 1562 1503 1618 conieceruntg,

193 1639 356 1696 quibus
383 1653 506 1680 suam
538 1638 737 1695 ipsorum
766 1636 822 1678 de
835 1638 967 1695 poesi
979 1627 1237 1679 Pimlarica‘
1255 1636 1504 1678 doctrinam

192 1714 533 1756 maculaverunt.
578 1711 880 1770 Exstirpanda,
897 1726 1012 1769 quae
1024 1711 1057 1753 T
1059 1711 1303 1753 hiel-sebius
1315 1711 1359 1753 in
1377 1727 1508 1769 prae-

193 1788 357 1831 fatione
381 1788 595 1830 versionis
619 1787 895 1845 germanicae
914 1787 999 1829 hae
1015 1785 1070 1829 de
1094 1801 1142 1828 re
1175 1787 1375 1829 narravit.
1408 1787 1506 1830 Non

195 1863 316 1904 enim
346 1877 549 1918 unquam
577 1870 652 1903 aut
677 1861 840 1902 chorus
866 1861 983 1902 canit
1011 1869 1086 1902 aut
1111 1861 1400 1917 coryphaeus,
1430 1861 1509 1903 sed

196 1945 343 1994 poeta.
383 1937 587 1993 Denique
613 1936 732 1977 furca
753 1933 1035 1991 expellendae
1058 1934 1189 1976 etiam
1207 1935 1504 1977 recentiorum

194 2013 251 2055 de
270 2012 521 2055 dramatum
543 2011 691 2053 choris
714 2009 963 2066 opiniones.
996 2009 1103 2051 Nam
1122 2024 1272 2050 merae·
1284 2017 1386 2050 sunt
1406 2009 1506 2066 opi-

195 2090 366 2131 niones.
399 2088 453 2129 At
471 2086 748 2145 pervulgatae
766 2083 902 2126 hodie
920 2091 963 2125 et
974 2092 1023 2126 ut
1037 2084 1302 2138 certissimae
1313 2084 1503 2126 circum-

192 2165 303 2206 latae
322 2163 530 2212 dicentes,
544 2162 729 2210 iambos,
747 2167 1004 2216 anapaestos
1022 2174 1046 2200 a
1059 2159 1310 2216 coryphaeo
1330 2160 1502 2201 recitari

191 2254 365 2295 omnes3
379 2246 606 2296 praeterea
619 2243 663 2277 et
678 2234 859 2277 recitare
874 2242 917 2276 et
930 2249 1085 2277 canere
1104 2234 1148 2276 in
1161 2234 1383 2275 orchestra
1395 2233 1503 2275 eho-

187 2323 329 2357 reutas
350 2329 438 2370 sex,
457 2313 675 2372 quinque,
695 2318 902 2365 quatuor,
924 2317 1027 2365 tres,
1043 2308 1171 2364 duos,
1187 2323 1340 2350 unum.
1374 2307 1502 2361 Quae

188 2391 357 2432 somnia
385 2404 542 2431 omnes
560 2386 807 2445 tragoedias
834 2384 1180 2441 comoediasque
1200 2392 1244 2426 et
1274 2383 1399 2441 quod
1429 2399 1503 2425 su-

189 2473 332 2521 perest
363 2473 608 2522 satyrorum
638 2468 922 2521 permearunt
948 2467 997 2501 ut
1023 2460 1158 2516 pestis
1177 2459 1325 2515 aliqua
1349 2458 1505 2499 lectio-

188 2554 380 2596 nemque
402 2539 649 2582 dramatum
668 2543 973 2595 corruperunt.
1011 2534 1107 2577 Non
1126 2533 1204 2576 diu
1220 2533 1302 2576 erit
1320 2548 1421 2575 eum
1444 2532 1500 2574 ab
