1783 3070
753 161 1056 202 ...16-..

750 280 975 328 olymp.
993 280 1064 323 X.
1093 310 1096 313 .

376 358 422 399 V.
457 361 496 399 7.
540 352 797 413 ἀφθόνητος
828 350 869 396 δ’
898 350 1018 404 αἶνος
1043 354 1405 411 Ὀλυμπιονίκαις
1429 355 1559 408 οὗτος

258 416 473 490 ἄγκειται(
535 429 624 486 Qui
670 429 716 485 in
759 429 849 487 hoc
891 431 990 473 loco
1033 429 1294 489 ἀφθόνητος
1336 433 1560 491 accipiunt

267 506 448 550 »invidia
477 505 661 560 maiora,
702 518 795 546 non
826 502 1223 565 videoquomodo
1254 520 1452 564 unquam
1491 509 1557 552 vel

258 580 452 639 ἄφθονος
486 587 528 621 et
558 577 764 628 ἀφθονία
796 578 854 621 de
886 580 1016 638 copia
1046 580 1300 638 intelligant.
1362 580 1558 634 Pindaro

255 655 480 700 sonantius
510 652 632 712 loqui
663 653 864 711 gestienti
896 654 1003 697 tales
1031 651 1259 714 emergunt
1288 653 1481 713 formae,
1511 664 1562 699 ut

255 730 409 772 eadem
436 744 519 773 vox
539 727 797 787 ἀφθόνητος
816 743 900 786 pro
920 729 1084 787 vulgari
1102 727 1329 788 ἄφθονος
1318 746 1367 772 ln
1382 729 1557 789 Olymp-

254 806 371 862 XIII,
402 821 440 847 v.
461 806 516 847 ‘25
549 802 604 846 de
640 801 827 859 invidia,
868 803 936 846 vel
973 802 1215 861 ἀπείρατος
1250 820 1332 863 pro
1372 796 1558 866 ἄπειρος.

255 881 303 922 ln
334 838 463 921 simili
485 875 795 936 μεγαλοφωνίᾳ
828 877 982 931 nititur
1011 894 1095 921 vox
1125 879 1276 937 pulcra
1302 878 1561 935 α’τόλματος

255 955 301 997 in
332 954 480 996 Isthm.
508 954 592 1008 Vll,
629 957 696 994 11.
758 952 874 995 Haec
914 953 1072 996 obiter.
1135 954 1181 995 In
1216 968 1254 996 v.
1288 958 1342 997 10
1382 963 1561 999 senten-

252 1029 357 1070 tiam
390 1028 572 1069 omnino
613 1026 871 1084 interpretes
914 1042 1007 1069 non
1045 1027 1299 1078 concoxisse
1340 1014 1558 1072 videntur..

252 1103 345 1145 Hoe
392 1102 518 1144 dicit:
560 1103 605 1142 ἐκ
649 1098 780 1143 θεοῦ
820 1096 860 1141 δ’
897 1092 1004 1158 ἀνὴρ
1055 1104 1224 1158 σοφαῖς
1270 1100 1403 1143 οἷνὲῑεῖ
1446 1101 1562 1151 ἐςαεὶ

255 1173 555 1233 πραπίδεσσιν
586 1176 631 1217 h.
665 1190 702 1217 e.
736 1174 914 1231 canam,
942 1175 976 1217 si
1008 1173 1079 1218 dii
1103 1175 1279 1227 volent,
1307 1190 1374 1231 ex
1398 1175 1562 1238 quibus

254 1252 392 1295 homo
424 1251 609 1309 sapienti
640 1251 769 1295 floret
799 1265 972 1307 semper
1002 1250 1194 1309 ingenio.
1266 1250 1418 1309 Itaque
1457 1252 1560 1296 reli-

255 1327 426 1384 giosum
455 1334 614 1383 poetae
644 1310 990 1367 additamentum
1024 1333 1088 1366 est
1114 1324 1315 1368 dicentis:
1348 1327 1394 1367 ἐν
1412 1323 1500 1382 θεῷ
1514 1341 1559 1383 γε

259 1400 347 1453 μὰν
382 1399 508 1447 τέλος
538 1400 624 1442 vel:
666 1414 794 1457 spero
837 1407 1006 1454 autem,
1044 1398 1204 1455 deum,
1249 1400 1294 1442 in
1336 1415 1426 1458 quo
1468 1416 1558 1444 uno

259 1475 404 1516 omnis
434 1474 680 1531 sapientum
712 1488 781 1514 res
819 1472 997 1527 nititur,
1042 1486 1298 1515 conservare
1334 1474 1445 1516 mihi
1480 1475 1559 1533 *in-

256 1548 373 1607 genii
406 1548 518 1591 vires
546 1546 601 1590 ad
631 1544 897 1605 promissum
934 1546 1023 1589 hoc
1053 1544 1185 1605 digne
1224 1546 1558 1604 perficiendum.

255 1646 314 1652 -
354 1622 489 1677 Quod
520 1623 777 1679 interpretes
811 1620 1111 1679 intelligebant
1147 1636 1186 1664 v.
1220 1636 1261 1667 c.,
1290 1622 1559 1674 Boeckhius:

257 1697 465 1739 divinitus
495 1699 611 1740 enim
639 1696 705 1739 vir
734 1696 1004 1753 sapientibus
1042 1710 1216 1754 semper
1255 1698 1386 1747 floret
1429 1713 1559 1756 prae-

258 1772 434 1828 cordiis,
462 1772 530 1814 vel
546 1771 786 1817 Dissenius:
816 1786 841 1813 a
873 1770 957 1814 deo
992 1770 1111 1813 enim
1132 1769 1305 1815 adiutus
1328 1757 1557 1831 nunquam

259 1855 376 1888 caret
407 1846 671 1888 inventionis
701 1845 904 1900 sollertia,
932 1844 1009 1887 sed
1039 1846 1168 1908 floret
1185 1860 1359 1903 semper
1373 1847 1559 1904 sapienti

259 1922 434 1979 ingenio
445 1954 460 1977 >
498 1929 547 1963 ut
584 1919 770 1963 fidenter
811 1920 894 1962 tale
927 1935 1105 1963 carmen
1135 1921 1182 1963 in
1211 1936 1257 1963 se
1288 1921 1485 1979 recipere
1517 1930 1561 1964 et

259 1996 516 2053 promittere
546 1996 684 2053 possit
718 2017 774 2024 —-
805 1994 914 2037 haec
946 2010 1039 2037 non
1077 1994 1160 2037 nisi
1200 1995 1377 2053 singulis
1417 1995 1562 2039 verbis

259 2072 383 2114 aliter
415 2072 636 2113 collocatis
668 2069 754 2113 dici
794 2078 1046 2127 potuerunt.
1110 2069 1274 2112 Fefellit
1311 2085 1394 2113 vox
1433 2069 1560 2123 ἐςαεί,

261 2161 371 2203 quae
404 2147 447 2187 in
486 2146 659 2187 illorum
697 2144 910 2186 sententia
942 2143 1189 2186 extollenda
1230 2152 1348 2201 erat,
1379 2145 1426 2187 in
1453 2145 1560 2187 Pin-

257 2221 401 2263 darica
442 2222 670 2278 subrepit,
713 2220 816 2277 quia
858 2219 915 2262 de
953 2219 1099 2263 futuro
1141 2227 1345 2277 tempore
1389 2218 1560 2278 aliquid

254 2295 535 2353 promittitur.

740 2371 950 2418 olymp.
974 2369 1069 2407 xl.
1500 2412 1503 2415 Δ

365 2445 411 2486 V.
445 2447 516 2487 22.
579 2441 744 2486 ἄπονον
776 2441 819 2491 δ’
848 2440 1014 2501 ἔλαβον
1042 2441 1201 2499 χάρμα
1230 2440 1396 2501 παῦροί
1425 2454 1556 2493 τινες,

255 2514 378 2574 ἔργων
409 2520 492 2577 πρὸ
524 2520 703 2561 πάντων
734 2518 871 2578 βιότῳ
903 2517 1032 2576 φάος.
1075 2517 1183 2562 Mira
1213 2517 1273 2561 ad
1301 2517 1413 2561 haec
1428 2515 1560 2562 verba
