1783 3070
680 180 974 244 *13ss-

191 318 417 363 ditionalis
434 319 481 364 in
510 319 822 372 enunciatione
840 319 1047 378 primaria
1065 318 1239 377 nititur,
1259 316 1345 362 sed
1370 319 1500 362 etiam

192 394 304 436 haec
331 395 425 451 ipsa
456 394 502 437 in
539 395 610 437 illa
647 410 728 452 per
763 408 918 437 vocem
959 399 1120 453 κεῖνος,
1166 408 1255 451 qua
1295 406 1502 449 compre—

188 467 461 527 henduntur,
492 484 606 529 quae
625 469 672 512 in
693 467 910 511 sententia
934 467 1365 513 conditionalidicta
1386 476 1500 511 sunt„

311 544 399 587 Sed
431 546 540 587 haec
567 545 765 589 leviora..
807 542 874 586 Ad
903 559 941 586 v.
962 548 1018 587 27
1050 545 1137 603 χρὴ
1170 542 1325 585 τοίνυν
1355 544 1502 591 πύλας

191 616 336 677 ὕμνων
367 618 677 674 ἀναπιτνάμεν
709 618 870 669 αὐταῖς
906 619 1016 664 mira
1056 620 1316 678 interpretes
1355 617 1501 662 adno-

190 704 351 739 tarunt.
417 695 560 750 Quae,
589 694 693 736 licet
719 694 766 736 in
790 695 1001 751 optimam
1023 703 1195 753 partem
1221 695 1352 737 velim
1382 695 1500 736 aeci-

187 785 328 829 pere,
347 765 511 813 tamen
530 768 746 812 confiteor
776 777 849 813 aut
878 785 969 813 non
1001 769 1241 828 intelligere
1268 772 1344 812 aut
1373 784 1500 812 mens

189 846 429 903 legentium
461 860 554 887 non
583 845 685 887 satis
727 845 863 888 libera
894 845 975 888 fuit
1005 845 1063 888 ad
1105 853 1299 887 mentem
1339 852 1500 902 poetae

188 918 537 978 percipiendam.
608 919 714 964 Nam
748 935 787 963 v.
819 935 856 963 c.
887 919 1160 963 Schmidius:
1212 918 1364 962 »decet
1405 919 1499 962 illas

200 994 268 1036 »in
310 994 625 1052 amplissimum
667 993 846 1037 laudum
889 1002 932 1037 et
973 994 1243 1052 hymnorum
1287 1008 1495 1052 campum

198 1069 497 1111 ··immittere.«
577 1069 789 1127 Heynius:
836 1077 1040 1127 ”propter
1079 1068 1128 1111 id
1168 1070 1313 1126 ipsum
1353 1068 1497 1111 laudis

200 1142 363 1186 »aditus
394 1142 581 1186 debetur
610 1143 794 1201 ipsis=in
809 1143 1039 1186 carmine.«
1109 1142 1373 1186 Boeckhius:
1407 1142 1496 1185 ”his

200 1218 351 1277 »igitur
389 1219 591 1262 mulabus
633 1218 847 1261 debemus
886 1218 1091 1261 carminis
1130 1226 1280 1276 portas
1326 1218 1496 1276 aperire

204 1293 457 1351 »Olympiae
488 1293 762 1349 victricibus,
799 1300 851 1335 ut
888 1293 941 1335 iis
979 1293 1026 1334 in
1063 1293 1257 1335 carmine
1298 1292 1499 1335 admissis

202 1368 475 1410 »vehamun«
543 1361 744 1409 Tafelius:
794 1383 812 1400 ν·
823 1381 924 1409 cum
961 1367 1158 1409 victrices
1197 1368 1307 1423 sint,
1341 1367 1500 1425 dignae

202 1440 444 1497 ··videntur,
476 1441 638 1498 quibus
669 1441 756 1482 iam
788 1441 1041 1498 aperiantur
1071 1441 1315 1484 carminum
1346 1449 1501 1498 portae

202 1517 251 1558 ni.
273 1532 310 1559 e.
345 1529 459 1574 quae
488 1515 536 1557 in
564 1515 706 1557 fronte
738 1514 878 1558 laudis
899 1515 1164 1558 Iamidarum
1184 1524 1502 1572 memorentur,

203 1591 343 1648 »ipsae
386 1590 596 1633 nimirum
632 1591 746 1632 illius
778 1605 929 1632 ansam
968 1591 1273 1648 praebentes.«
1354 1591 1501 1633 Disse-

191 1666 316 1708 nius:
357 1680 514 1722 ”quare
543 1679 624 1722 par
654 1673 731 1720 est,
763 1673 812 1707 ut
843 1665 1007 1707 intrent
1033 1665 1079 1707 in
1109 1666 1266 1723 poesin
1296 1664 1342 1708 h.
1375 1681 1413 1709 e.
1451 1676 1501 1710 ut

204 1740 281 1781 »ad
325 1755 452 1781 usum
494 1748 653 1795 poetae
699 1739 993 1781 adhibeantur
1037 1748 1250 1797 tanquam
1296 1741 1504 1783 animalia

205 1813 433 1871 ·›p0etica.«
503 1813 659 1857 Nonne
692 1812 876 1870 auditis,
907 1829 1099 1873 quaeso,
1129 1829 1309 1871 omnes,
1339 1815 1504 1859 Pinda-

195 1904 320 1944 rum,
346 1897 584 1946 postquam
615 1889 765 1930 Phinti
795 1890 1071 1945 acclamavit,
1100 1898 1151 1931 ut
1180 1891 1320 1932 mulas
1351 1891 1505 1948 iunge-

195 1971 287 2019 ret,
318 1978 421 2005 nam
453 1962 511 2006 ad
541 1978 679 2021 genus
709 1978 893 2022 quoque
923 1964 1195 2022 praeclarum
1222 1965 1400 2007 victoris
1429 1980 1505 2008 ve-

191 2037 395 2080 hendum
425 2053 533 2094 esse,
557 2053 722 2094 nonne,
753 2039 953 2096 inquam,
980 2038 1155 2094 auditis,
1180 2048 1357 2096 poetam
1385 2053 1503 2082 nunc

196 2112 372 2168 iubere,
402 2121 451 2154 ut
480 2113 609 2154 mulis
643 2113 801 2154 iunctis
832 2113 1008 2155 iamiam
1040 2121 1194 2170 portae
1234 2114 1501 2174 hymnorum

197 2187 471 2243 aperiantur,
500 2202 581 2244 per
612 2202 720 2244 quas
751 2186 807 2229 ad
833 2188 1004 2230 urbemv
1022 2189 1220 2230 Pitanam
1253 2188 1502 2244 pervehan-

196 2268 269 2302 tur
300 2268 344 2301 et
373 2260 431 2302 ad
461 2275 640 2302 omnem
679 2261 821 2318 gentis
851 2261 1113 2304 Iamidarum
1152 2260 1328 2304 laudem
1368 2271 1502 2321 atque

198 2334 570 2384 celebrationem?
610 2335 695 2377 Vos
724 2349 878 2377 vocem
897 2333 1048 2378 τοίνυν
1067 2335 1124 2378 ad
1147 2336 1348 2393 proxime
1372 2353 1503 2395 prae-

199 2409 399 2452 cedentia
429 2408 588 2451 referre
618 2409 847 2465 videmini,
876 2418 926 2452 ut
944 2409 1157 2454 Pindarus
1188 2410 1337 2454 denuo
1369 2411 1503 2469 dicat,

201 2483 326 2543 quod
357 2484 442 2526 iam
474 2483 583 2526 dixit
611 2485 755 2527 verbis
788 2488 929 2536 κεῖ-ναι
959 2484 1040 2543 γὰρ
1069 2494 1149 2527 etc.
1214 2487 1333 2541 Imo,
1363 2495 1413 2529 ut
1443 2488 1505 2530 ita

202 2559 369 2615 dicam,
401 2557 571 2601 Phintis
598 2559 712 2602 inter
751 2560 883 2603 verba
912 2559 1233 2617 ‚praecedentia
1272 2561 1414 2609 mulas
1453 2578 1505 2605 ex
