1783 3070
166 346 281 372 cum·
346 330 433 385 Qui
465 347 566 376 vero
597 348 872 390 pronomen,
903 332 1009 374 dum
1041 334 1190 391 legunt
1222 332 1353 373 hunc·
1372 344 1470 372 ver-

167 420 289 462 sum,
315 407 519 465 supplent
550 408 799 467 cogitando,
828 406 963 452 iidem
988 406 1224 451 scribendo
1259 405 1440 449 debent.

626 538 835 585 olymp.
861 537 1008 576 xln.

289 630 335 674 V.
366 630 439 675 40.
481 633 527 675 ἐν
559 628 602 673 δ’
632 631 907 692 ἀμφιάλοισι
935 630 1210 681 Ποτειδᾶνος·
1231 632 1475 687 τεὲμοῖσιν

171 705 434 765 Πτοιοδώρῳ
466 707 553 748 σὺν
573 707 719 763 -πάτρι
750 708 1021 764 μακρότεραι
1046 707 1219 763 Τερψίᾳ
1250 706 1295 747 θ’
1325 706 1477 748 ἕποντ’

172 778 377 839 Ἐριτίμῳ
407 781 448 823 τ’
479 777 643 822 ἀοιδαί.
705 781 839 825 Poeta
875 797 900 826 a
928 781 1225 840 Xenophonte
1260 780 1477 839 incipiens

173 858 366 912 primum
399 856 455 899 ad
485 865 655 914 patrem
678 858 769 900 eius
787 858 1052 913 Thessalum,
1082 856 1187 899 dein
1214 855 1271 898 ad
1285 856 1477 898 Thessali

174 941 344 989 patrem
390 933 586 990 aliosque
626 941 765 975 aetate
804 934 1090 989 remotiores,
1130 933 1315 975 transitu
1358 945 1478 974 nunc

173 1021 253 1062 per
299 1007 444 1049 locum
487 1008 774 1051 certaminum
815 1008 955 1063 facto,
1000 1006 1241 1049 ascendens
1285 1007 1477 1049 breviter

173 1081 308 1130 totius
351 1082 491 1139 gentis
531 1083 722 1124 cumulat
758 1074 972 1125 victorias.
1045 1082 1109 1123 De
1152 1096 1240 1138 qua
1271 1095 1391 1123 nunc
1429 1081 1476 1122 in

174 1156 443 1198 universum:
471 1157 786 1214 ἀριστεύσατε.
848 1157 1071 1199 Structura
1091 1156 1358 1197 necessario:
1382 1156 1479 1195 ἀοι-

174 1225 252 1269 δαὶ
288 1227 469 1272 ἕπονται
502 1230 587 1272 σὺν
625 1230 762 1288 πατρὶ
792 1226 1055 1289 Πτοιοδώρῳ
1087 1229 1162 1271 καὶ
1192 1229 1365 1288 Τερψίᾳ
1403 1228 1480 1271 καὶ

175 1302 395 1361 Ἐριτίμῳ,
427 1305 552 1362 quod
581 1306 615 1346 Τ
617 1306 764 1348 aselius
806 1305 997 1348 videbat.
1060 1302 1233 1346 Ἀοιδαὶ
1272 1304 1480 1347 dicuntur

174 1378 444 1439 μακρότεραι
482 1388 663 1438 propter
692 1380 1020 1424 multitudinem
1051 1380 1357 1435 victoriarum,
1388 1395 1477 1435 μα-

175 1453 380 1512 κρότεραι
410 1452 434 1502 ἢ
466 1456 519 1502 ὡς
549 1451 721 1497 ἀείδειν.
782 1456 877 1497 Hoc
917 1455 1063 1510 addo,
1102 1470 1239 1512 quare
1284 1455 1482 1512 reliquae

176 1530 486 1585 explicationes
516 1530 590 1572 hie
626 1531 820 1587 prolatae
852 1530 982 1572 falsae
1019 1531 1119 1572 sint.
1190 1529 1316 1584 Quae
1357 1544 1484 1571 com-

178 1603 516 1660 prehenduntur
545 1605 628 1647 hac
658 1604 866 1650 Boeekhii
894 1604 1200 1649 adnotatione:
1249 1612 1482 1646 ”structura

185 1694 298 1721 ”non
335 1688 480 1736 potest
518 1680 628 1722 haec
659 1695 773 1722 esse:
810 1677 991 1721 ἕσποντ’
1032 1676 1185 1720 ἀοιδαὶ
1230 1680 1389 1734 (αὐτῷ,
1418 1682 1482 1734 τῷ

184 1753 438 1809 υΘεσσάλῳ)
471 1753 556 1795 σὺν
571 1750 835 1814 Πτοιοδώρῳ
865 1753 1006 1813 πατρὶ
1029 1755 1115 1796 σύν
1144 1769 1194 1795 τε
1211 1751 1385 1813 Τερψίᾳ
1404 1752 1482 1795 καὶ

183 1826 423 1885 »νἘριτίμῳ,
455 1828 533 1871 sed
563 1838 734 1871 tantum
761 1830 892 1872 haec:
924 1826 1103 1871 ἕσποντ’
1138 1827 1291 1872 αόιδαὶ
1309 1826 1483 1887 Τερψίᾳ

184 1917 252 1942 υτε
283 1902 486 1961 Ἐριτίμῳ
517 1907 569 1944 τὲ
600 1904 685 1945 σὺν
715 1901 1011 1963 Πτοιοδώρῳα
1089 1905 1137 1946 In
1177 1905 1326 1962 priore
1367 1904 1485 1946 desi-

175 1977 353 2020 deratur
382 1980 516 2033 αὐτῷ.
580 1977 716 2031 Quod
747 1980 925 2024 alteram
957 1980 1132 2035 attinet,
1166 1979 1391 2022 fatendum
1419 1988 1482 2020 est

174 2052 299 2109 loqui
331 2053 390 2095 ita
422 2053 643 2095 interdum
670 2054 897 2109 homines,
929 2054 1046 2096 velut
1069 2054 1294 2109 Tafelium‚
1324 2054 1401 2110 qui
1431 2053 1479 2094 in

175 2128 493 2169 commentario
538 2128 731 2184 paullum
779 2136 879 2170 ante
920 2128 1040 2171 hunc
1089 2129 1234 2170 locum
1285 2126 1487 2183 scripsit:-

176 2198 336 2255 duplex
375 2201 546 2257 negatio
588 2215 688 2262 cum
731 2201 982 2245 Hermanno
1032 2218 1103 2245 me
1141 2217 1231 2244 non
1279 2200 1476 2243 offendit.

180 2274 243 2315 De
276 2273 465 2316 Pindaro
495 2274 653 2316 similia
679 2289 836 2333 negare
866 2276 1029 2320 licebit.

294 2349 341 2391 V.
371 2347 443 2393 47.
488 2345 642 2390 ἕπεται
673 2346 715 2391 δ’
744 2351 790 2394 ἐν
822 2350 993 2407 ἑκάστῳ
1025 2351 1198 2410 μέτρον,
1230 2353 1390 2399 νοῆσαι
1430 2348 1478 2393 δὲ

180 2424 328 2484 καιρὸς
359 2420 554 2480 ἄριστος.
596 2423 673 2466 Vix
693 2422 1136 2480 dubito‚iutellexisse
1157 2426 1291 2469 semel
1309 2441 1478 2482 omnm,

181 2499 411 2558 quomodo
443 2499 552 2542 haec
582 2500 716 2542 verba
743 2499 860 2541 dieta
889 2501 988 2543 sint.
1050 2500 1161 2556 Sed,
1191 2516 1305 2559 quae
1334 2501 1478 2545 adno-

180 2585 333 2626 tarunt.
359 2577 464 2619 alter
495 2576 677 2619 alterum
708 2583 904 2631 secutus,
932 2576 1079 2635 paullo
1109 2576 1328 2622 turbidius
1359 2578 1483 2636 cogi-
1534 2635 1536 2637 .
