1783 3070
677 211 968 255 ..41—

186 332 296 390 nque
326 332 507 375 victoria
538 341 758 391 reportata
785 333 1035 375 illustrans.‹«
1114 330 1289 374 Res-zita
1319 327 1489 373 serbus·->

177 409 266 450 bet.
290 429 293 433 ·
317 407 543 450 Pindarus
569 408 699 452 dicit:
733 423 904 463 eorum,
935 408 1011 465 qui
1039 422 1160 450 nunc
1190 413 1318 461 sunt,
1346 404 1481 447 etiam

175 482 480 540 Thrasybulus,
510 484 780 541 praeclarum
802 481 910 524 illud
928 481 1151 540 εὐσεβείας
1173 480 1313 524 edens
1328 494 1480 522 exem-

177 558 323 616 plum,
364 559 496 616 patris
524 557 761 617 patruique
796 557 973 600 virtutes
1009 556 1241 616 splendide
1281 556 1478 599 imitatus

177 641 253 674 est.
329 634 620 691 Thrasybulus
656 632 750 689 ipse
791 633 1067 690 aurigaverat.
1105 665 1107 668 .
1136 633 1231 674 Hoc
1278 632 1479 674 sciebant

176 723 341 750 omnes.
403 708 497 751 Hoc
527 707 676 749 subest
703 707 859 749 verbis.
920 706 1058 765 Quod
1073 724 1075 726 ·
1093 705 1201 749 dum
1230 714 1400 750 tacetur
1428 713 1480 749 ut

177 797 246 824 res
273 791 378 823 nota
393 813 406 837 ,
448 790 492 822 et
532 790 730 823 accurata
771 796 870 823 cum
910 781 1147 823 Antilocho
1187 781 1478 837 comparatio,
1530 774 1534 780 x

178 872 291 915 quae
325 854 527 899 evitanda
556 864 671 913 erat,
710 857 914 913 evitatur,
958 864 1002 899 et
1041 855 1299 898 Xenocratis
1329 854 1480 898 laudes

176 932 399 974 adduntur
427 932 742 990 Theronisque.
807 932 932 990 Quae
964 946 1065 974 vera
1095 931 1227 973 huius
1242 930 1329 973 loci
1351 945 1480 972 causa

178 1010 267 1064 est,
308 1015 358 1050 ut
396 1008 442 1050 in
473 1008 664 1051 carmine
706 1008 827 1051 brevi
869 1007 1125 1050 Xenocratis
1167 1002 1479 1064 simulatque

174 1082 387 1124 Theronis
433 1082 611 1125 virtutes
655 1083 943 1125 celebrentur.
1024 1083 1113 1124 Iam
1160 1095 1280 1124 nunc
1325 1080 1476 1123 denuo

174 1157 319 1199 locum
353 1157 444 1216 lege
477 1172 677 1200 mecum:
702 1157 761 1198 τὰ
792 1158 873 1212 μὲν
903 1151 1089 1215 παρίκει·
1121 1158 1208 1198 τῶν
1238 1158 1318 1198 νῦν
1336 1151 1479 1196 δὲκαὶ

176 1231 491 1290 Θρασύβουλος
522 1232 583 1282 (in
612 1233 747 1289 patris
784 1247 917 1274 curm
957 1246 1075 1274 nunc
1111 1246 1194 1289 pro
1227 1239 1352 1289 patre
1383 1245 1480 1272 cer-

176 1310 284 1358 tans)
315 1305 523 1365 πατρῴαν
565 1307 770 1363 μάλιστα
806 1307 913 1366 πρὸς
961 1306 1180 1361 στάθμαν
1212 1303 1295 1363 ἔβα
1325 1305 1478 1363 πάτρῳ

174 1382 219 1423 τ’
255 1381 548 1439 ἐπερχόμενος
581 1379 772 1438 ἀγλαΐαν
803 1379 973 1432 ἔδειξεν.
1047 1383 1096 1424 In
1136 1382 1299 1439 quibus
1337 1380 1483 1423 verbis

175 1456 309 1499 haec:
347 1453 427 1515 ἔβα
459 1464 502 1499 et
527 1453 718 1513 ἀγλαΐαν
749 1452 905 1507 ἔδειξεν
933 1472 1027 1499 non
1057 1457 1106 1499 in
1134 1456 1390 1498 universum
1423 1453 1480 1497 de

174 1532 458 1589 Thrasybuli,
502 1532 663 1589 quibus
688 1532 753 1574 uti
783 1532 949 1587 soleat,
991 1531 1191 1573 moribus
1219 1530 1337 1572 dicta
1366 1538 1482 1585 sunt,

174 1620 326 1648 verum
356 1605 412 1648 de
444 1605 555 1649 facto
587 1606 776 1649 illiuset'
803 1606 1056 1649 certamine.
1110 1597 1247 1664 ”EssQ
1281 1620 1383 1648 cum
1404 1620 1483 1647 au-

173 1681 324 1722 dacter
349 1682 578 1738 periteque
605 1682 842 1739 aurigabat,
874 1689 918 1722 et
947 1678 1143 1736 ἀγλαΐαν
1171 1677 1348 1730 ἔδειξεν,
1382 1695 1485 1722 cum

173 1755 313 1797 victor
342 1754 572 1813 splendide
604 1771 628 1798 e
660 1746 900 1799 certamine
932 1754 1250 1814 egrediebatur.
1311 1755 1480 1814 (Itaque

178 1829 480 1871 dubitantibus
519 1830 576 1872 de
613 1831 886 1888 aurigatione
913 1831 1173 1887 Thrasybuli
1202 1831 1346 1887 ipsum
1377 1831 1485 1873 Pin-

179 1903 335 1949 darum
365 1912 580 1963 tanquam
610 1913 768 1948 testem
799 1905 1033 1958 excitabo).

299 1980 349 2021 In
377 1980 534 2022 ultima
564 1981 749 2038 stropha
778 1981 912 2023 verba
936 1977 1012 2022 τίν
1041 1982 1085 2021 τ’
1117 1980 1383 2038 Ἐλέλιχθον
1415 1982 1488 2036 ὀρ-

176 2055 275 2108 γαῖς
307 2055 349 2102 ἐς
380 2054 540 2096 ἱππίαν
569 2050 726 2098 ἔσοδον
754 2056 882 2110 μάλα
911 2051 1073 2097 α’δόντι
1103 2055 1215 2112 νόῳ,
1245 2053 1489 2106 Ποσειδᾶν,

178 2126 444 2185 προςέχεται
473 2129 536 2171 sic
566 2129 785 2188 intelligo:
815 2129 1055 2186 Poseidon,
1087 2129 1159 2172 dir'
1185 2130 1321 2187 hangt
1351 2144 1399 2171 er
1429 2144 1488 2172 an

179 2202 227 2243 in
268 2203 420 2244 seinen
463 2204 794 2260 Bestrebungen
833 2219 934 2246 zum
973 2204 1234 2260 Rosskampf
1266 2204 1348 2245 mit
1383 2205 1488 2248 sehr

180 2275 623 2334 gefallenfindendem
656 2277 815 2319 Geiste.
1218 2327 1222 2330 ¹

304 2351 507 2409 Denique
538 2352 584 2393 in
614 2351 704 2393 fine
736 2353 942 2399 carminis
974 2352 1092 2396 aliud
1121 2354 1217 2410 lego
1250 2361 1386 2412 atque
1416 2355 1487 2396 in-

181 2434 405 2485 terpretes.
478 2427 771 2470 Hermannus:
826 2443 843 2460 ¹*
853 2435 971 2469 recte
1015 2427 1267 2470 scholiastes
1304 2429 1487 2484 γλυκεῖα

193 2503 384 2557 »ὁμιλεῖν
415 2502 575 2544 iunxit:
614 2502 754 2545 suavis
784 2501 841 2544 ad
876 2502 991 2545 vitae
1029 2503 1284 2546 societatem
1313 2503 1489 2547 indoles

194 2579 347 2623 »etiam
378 2578 465 2622 mel
494 2585 705 2636 superatae
773 2576 1037 2620 Boeckhius:
1092 2578 1145 2625 »νὴ
1178 2574 1237 2624 δὲ
1255 2579 1372 2637 φρὴν
1404 2582 1487 2623 αὐ-
