1783 3070
700 229 993 272 -29-

210 360 304 388 non
328 343 490 388 cadunt
515 353 661 389 tamen
678 346 722 389 in
750 346 880 389 huius
898 345 1033 389 libelli
1058 344 1322 388 institutum.
1364 343 1505 386 Unum

212 435 330 463 nunc
359 435 584 478 promam,
611 420 736 479 quod
766 420 954 463 maxime
985 421 1031 463 in
1062 420 1301 463 verborum
1339 418 1511 460 intelle-

209 505 283 539 ctu
306 497 470 540 'versari
500 497 685 540 videtur.
720 495 814 538 Ad
854 512 892 539 v.
926 499 981 540 79
1013 511 1116 554 seq:
1147 493 1230 537 όίτε
1266 494 1355 553 ’γάρ
1393 494 1512 535 εἰνά-

207 570 305 612 λιον
333 569 467 613 πόνον
488 559 684 629 ἐχοίσας
713 568 837 627 βαθὺ
860 564 1015 619 σκευᾶς
1032 568 1194 631 ἑτέρας,
1224 568 1512 628 ἀβάπτιστός

210 645 324 701 εἰμι,
364 645 528 705 φελλὸς
549 645 613 692 ’ὡς
648 645 757 702 ὑπὲρ
787 642 923 705 ἐ’ρκος,
949 644 1102 702 ’ἅλμας
1132 653 1319 688 monent
1356 658 1512 686 omnes

210 719 267 763 de
312 720 505 764 Pindaro
559 718 678 778 apud
717 719 950 763 Hieronem
1005 720 1235 763 calumniis
1280 719 1508 762 obstricto.

208 795 367 838 Verum
400 795 456 838 de
489 794 682 839 Pindaro
714 811 769 838 ne
800 804 968 839 tantum
999 794 1183 853 quidem
1216 809 1333 837 nunc
1362 810 1508 837 sermo

210 878 287 911 est.
346 864 650 927 Ἀβάπτιστός
680 871 768 926 εἰμι
795 866 963 929 egregia
992 871 1064 913 illa
1090 870 1404 913 sententiarum
1434 884 1512 927 ge-

211 944 425 985 neralium
455 944 595 986 forma
626 953 710 1000 est,
750 960 864 1002 quae
892 946 1065 1003 linguae
1105 953 1265 1002 poetae
1279 965 1303 1000 ,·
1335 944 1512 1001 quoties

212 1018 382 1060 animus
413 1019 504 1078 eius
534 1020 720 1062 maxime
758 1028 1006 1080 commotus
1046 1027 1132 1075 est,
1172 1019 1383 1077 subrePit.
1457 1018 1512 1060 Ut

211 1094 258 1136 in
288 1095 486 1152 proxime
516 1096 798 1153 sequentibus
824 1091 876 1137 οὔ
906 1095 950 1137 οἱ
972 1093 1143 1153 μετέχω
1166 1094 1368 1154 θράσεος.
1417 1094 1512 1137 Hoc

211 1168 346 1212 dicim,
371 1169 492 1224 Quid
522 1184 624 1212 vem
653 1171 935 1214 lucrabuntur
966 1170 1026 1212 ini
1059 1170 1270 1213 conviciis
1311 1159 1399 1212 suis
1436 1184 1512 1211 su-

211 1245 638 1301 sun-rationibusque,
669 1245 748 1290 ubi
777 1246 860 1299 ille,
894 1248 970 1289 cui
996 1245 1268 1308 efferuntur,
1297 1246 1403 1288 talis
1431 1254 1512 1296 est,

212 1319 360 1380 qualis
396 1333 493 1363 esse
529 1319 688 1364 debet?
746 1322 819 1364 Vir
859 1330 1002 1364 rectus
1041 1322 1201 1363 talibus
1245 1336 1370 1363 aures
1414 1334 1514 1363 suas

210 1401 334 1449 tenet
364 1394 568 1436 occlusas.
630 1395 803 1453 Quibus
830 1395 918 1437 iam
951 1393 1095 1437 addit:
1134 1394 1171 1436 si
1207 1395 1315 1437 tales
1350 1409 1515 1450 sumus,

212 1484 303 1511 non
333 1477 479 1526 potest
508 1465 654 1519 δόλιος
684 1469 827 1519 α’στός
865 1469 1114 1528 quidquam
1145 1468 1333 1513 efficere.
1393 1469 1517 1512 Nunc

211 1543 359 1601 culpat
387 1543 633 1587 adulatores
661 1544 889 1601 malificos,
913 1544 1063 1588 laudat
1092 1543 1175 1587 τὸν
1199 1543 1516 1600 εὐθύγλωσσον

214 1615 372 1677 ἄνδρα.
434 1619 578 1674 Quem
608 1629 843 1678 postquam
875 1621 922 1662 in
954 1620 1107 1678 quavis
1137 1620 1321 1662 civitatis
1350 1620 1517 1661 consti-

212 1695 384 1737 tutione
413 1703 631 1753 praestare
658 1694 787 1751 dixit,
815 1695 945 1737 etiam
978 1695 1039 1737 in'
1055 1693 1366 1753 significandis
1388 1694 1519 1736 variis

211 1770 434 1826 regiminis
464 1769 611 1812 modis
641 1770 955 1812 aristocratiam
985 1778 1101 1812 tecte
1131 1785 1237 1826 prae
1260 1770 1415 1812 ceteris
1446 1768 1517 1811 di-

210 1844 381 1901 stinxit,
413 1845 499 1887 iam
531 1844 619 1887 hoe
651 1844 794 1887 addit:
828 1853 1006 1903 oportet
1037 1853 1142 1887 vero
1170 1849 1328 1887 'contra
1352 1859 1519 1902 regem,

212 1920 348 1977 quem
379 1919 487 1961 deus
517 1921 768 1975 constituit,
811 1936 903 1962 non
933 1935 1150 1978 pugnare:
1192 1920 1280 1977 χρὴ
1323 1917 1371 1961 δὲ
1412 1919 1519 1978 πρὸς

211 1994 319 2036 θεὸν
337 1996 419 2035 οὐκ
439 1992 609 2053 ἐρίζειν,
624 1992 671 2043 ὃς
688 2003 787 2051 etc.2
818 2010 932 2052 quae
962 1995 1020 2037 ad
1051 1995 1184 2036 finem
1205 2010 1347 2052 usque
1368 1994 1518 2035 omnia

213 2070 258 2110 in
291 2069 577 2111 commodum
609 2070 810 2111 Hieronis
839 2077 992 2111 contra
1022 2070 1119 2111 illos
1149 2069 1265 2110 dicta
1291 2076 1404 2122 sunt,
1434 2068 1516 2124 qui

205 2144 356 2201 regiae
386 2144 589 2186 Hieronis
618 2144 863 2186 auctoritati
895 2142 1073 2186 student
1099 2157 1272 2185 nocere.
1315 2142 1418 2199 Quo
1434 2141 1515 2183 ad—

211 2219 510 2259 monitionum
541 2217 898 2274 praecedentium
925 2217 1134 2274 pondera
1154 2224 1286 2274 poeta
1318 2217 1516 2259 sublevat

205 2292 383 2349 perite.·
425 2291 513 2334 Sed
543 2306 721 2333 manum
753 2291 810 2333 de
839 2292 1001 2333 tabula.

702 2418 870 2465 Pyth-
888 2417 1000 2456 ⁴111.

328 2516 376 2558 V.
403 2516 445 2557 9.
487 2509 687 2570 δαμεῖσα
716 2510 922 2571 χρυσέοις
959 2509 1159 2562 τόξοισιν
1199 2513 1276 2554 ὑπ’
1315 2510 1517 2570 Ἀρτέμι-

211 2591 285 2643 δος
313 2592 382 2641 εἰς’
403 2585 531 2633 Ἀΐδα
560 2585 701 2647 δόμον
727 2591 772 2633 ἐν
802 2587 993 2645 Ξαλάμῳ
1024 2584 1203 2646 κατέβα.
1278 2587 1517 2643 Quaeritur
