1783 3070
816 192 1116 232 —52—

302 325 427 369 ροντι
448 310 663 354 ναιετάων
690 309 811 367 dicit,
836 303 885 353 tit
896 305 1159 368 simpliciter
1184 317 1449 353 »mortuum«
1475 308 1609 369 signi-

304 387 422 443 ficet,
453 398 616 445 neque,
644 388 723 433 ubi
753 387 825 430 illa
849 382 1134 445 praecedunt,
1164 386 1297 428 verba
1316 386 1475 444 εὑρέτω
1496 384 1608 441 ἐμὰν

304 463 515 518 γλῶσσαν
547 462 595 503 in
632 462 883 504 universum
920 459 1073 504 dicunt
1111 468 1343 502 ”canatur-u
1414 462 1468 503 Ut
1504 461 1607 502 bre-

306 538 417 578 viter
447 536 613 578 dicam:
647 538 865 592 inveniet,
894 537 971 579 ubi
1007 536 1188 578 habitat.
1244 534 1403 592 'Itaque
1423 533 1607 577 Pinda-

300 625 393 652 rus:
425 614 578 662 κεῖνος,
612 611 774 669 inquit,
805 609 932 670 ἄμφ’·
952 608 1197 669 Ἀχέροντα
1227 607 1443 651 ναιετάων
1469 607 1607 664 ἐμὰν

297 683 567 740 γλῶσσαν
607 685 808 745 εὑρέτω
847 681 1153 733 κελαδῆτιν
1184 684 1241 728 de
1270 684 1474 739 eulaeo,
1511 684 1605 725 ἵνα

296 765 342 803 ε”ν
375 755 507 818 α’γῶνι
523 759 843 821 Ὀρσοτριαίνα
869 769 952 803 etc.
974 759 1041 804 'de
1071 760 1358 816 IsthmoJubi
1390 767 1471 801 etc.
1520 758 1605 801 lta-

300 851 388 894 que
419 838 530 879 haec
559 837 654 893 ipsa
685 832 818 879 verba
850 836 1000 878 laudes
1040 836 1137 878 illae
1171 844 1296 891 sunt,
1336 850 1444 892 quas
1480 835 1604 876 inve-

296 911 388 953 niet
419 909 475 951 ad
506 909 818 952 Acherontem.
880 909 1019 966 Quod
1058 910 1350 952 necessarium
1393 917 1469 951 est.
1530 908 1604 950 Iu·—

294 985 496 1028 credulus
528 984 725 1026 conferat
755 984 930 1025 initium
962 983 1111 1026 Isthm.
1129 984 1165 1026 II
1195 984 1239 1025 οἱ
1270 984 1350 1038 μὲν
1380 984 1601 1025 πάλαι·-

291 1058 444 1118 ῥίμφα
474 1055 701 1105 παιδείους
732 1055 935 1107 ἐτόξευον
965 1058 1231 1114 μελιγάρυας
1260 1054 1444 1112 ὕμνους,
1477 1055 1604 1105 ὅστις

289 1133 369 1174 ἐὼν
414 1132 549 1181 καλὸς
594 1128 712 1190 εἶχεν
754 1127 1026 1191 Ἀφροδίτας
1070 1128 1285 1188 ἐὐθρόνου
1325 1132 1601 1190 μνάστειραν

288 1205 496 1250 ἁδίσταν·
519 1206 706 1266 ὀπώραν.
771 1205 933 1262 Quod,
969 1207 1101 1248 simili
1138 1207 1240 1248 licet
1276 1206 1488 1249 brevitate
1530 1207 1600 1248 di-

288 1291 434 1338 ctum,
467 1297 623 1324 omnes
656 1282 927 1338 intelligunt,
967 1296 1068 1323 cum
1100 1296 1188 1323 una
1227 1289 1399 1323 tantum
1428 1282 1598 1324 ratione

287 1358 423 1399 -verba
451 1357 523 1399 illa
548 1352 787 1399 commode
816 1352 995 1414 cogitari
1024 1356 1207 1413 possint.
1264 1355 1432 1398 Eodem
1458 1355 1595 1398 modo

289 1433 335 1472 in
368 1440 520 1473 nostro
551 1432 651 1473 loco
685 1432 929 1472 necessario
963 1432 1202 1488 cogitatur,
1224 1430 1347 1487 quod
1365 1430 1469 1471 dixi.
1511 1431 1598 1472 Po-

286 1514 371 1548 test
403 1506 585 1563 quidem
624 1507 755 1548 etiam
801 1506 847 1548 in
888 1506 961 1547 illo
993 1519 1077 1547 vox
1107 1503 1234 1553 ὅστις
1263 1505 1320 1547 ad
1350 1505 1595 1557 subiectum

286 1581 450 1622 referri.
513 1577 602 1622 Sed
634 1581 732 1638 quis
760 1581 917 1623 referti)
980 1581 1041 1622 lta
1073 1594 1192 1621 nunc
1223 1594 1355 1623 nemo
1394 1579 1452 1621 de
1479 1580 1596 1635 loco,

287 1655 364 1697 ubi
407 1663 656 1698 cantaturus
697 1656 751 1697 sit
796 1664 949 1713 poeta,
988 1655 1068 1714 qui
1109 1655 1243 1697 verba
1283 1652 1594 1712 praecedentia

285 1738 402 1771 recte
432 1730 561 1786 legit,
595 1730 817 1787 cogitabit.
1096 1729 1099 1731 ’

408 1805 638 1847 Praeterea
669 1804 950 1861 explicandos
968 1820 1061 1848 esse
1080 1804 1210 1848 video
1230 1820 1377 1848 versus
1392 1805 1449 1848 93
1460 1819 1591 1868 eeqq.

287 1873 382 1919 οἷον
415 1876 569 1919 αἰνέων
606 1893 650 1917 κε
691 1877 927 1926 Μελησίαν
958 1875 1082 1936 ἐ’ριδα
1115 1877 1311 1935 στρέφοι
1355 1887 1435 1920 etc.
1496 1880 1595 1921 Ari-

285 1954 502 1996 starchus:
534 1949 641 1995 οἷον.
704 1953 804 1994 Alii:
838 1943 1079 2001 Μελησίας.
1140 1953 1244 1995 Alii:
1278 1954 1454 2010 qualem
1482 1954 1592 2004 (h.e.

287 2029 493 2083 ὁμήλικα)
512 2026 695 2070 laudans
709 2027 941 2069 Melesiam.
985 2028 1187 2070 Plurimi:
1209 2036 1483 2086 quantopere
1498 2029 1593 2071 lau-

286 2104 394 2146 dans
425 2096 670 2157 Melesiam‚
713 2102 958 2144 subiectum
998 2103 1120 2145 verbi
1165 2100 1351 2161 στρέφοι
1389 2104 1457 2145 vel
1485 2104 1592 2145 τινά

286 2178 499 2220 habentes
530 2177 598 2219 vel
631 2177 906 2234 Euphanem‚
938 2177 983 2219 in
1000 2177 1123 2220 cuius
1151 2178 1333 2236 gratiam
1353 2178 1489 2238 totius
1502 2178 1591 2221 loci

285 2268 459 2295 sensum
483 2260 774 2310 ,pervertunt3
805 2253 921 2294 velut
958 2253 1251 2296 Hcrmannus:
1299 2254 1441 2295 »illum
1482 2254 1588 2296 olim

294 2343 416 2370 »avus
457 2336 558 2370 tuus
597 2328 768 2370 cecinit.
830 2328 911 2369 Alii
952 2331 1068 2371 enim
1103 2329 1196 2370 aliis
1231 2329 1436 2386 aequales
1475 2336 1591 2384 sunt,

293 2411 370 2458 net,
399 2418 513 2460 quae
545 2404 644 2459 quis
676 2403 770 2459 ipse
802 2403 983 2458 viderit,
1012 2417 1063 2444 ea
1093 2418 1138 2445 se
1167 2404 1336 2460 optime
1366 2403 1587 2446 dicturum

291 2486 446 2534 ”putan
513 2477 736 2533 Quantam
768 2478 838 2521 ille
871 2485 1069 2521 moveret
1109 2478 1346 2535 invidiam,
1385 2479 1422 2521 si
1455 2476 1589 2521 Meless

290 2554 416 2596 »siam
449 2554 642 2600 carmine
669 2552 881 2610 laudaret,
911 2553 1096 2596 invictus
1121 2553 1345 2609 docendo,
1370 2552 1489 2595 mitis
1515 2552 1586 2595 ille
