1783 3070
637 238 937 277 ...71—

147 353 355 397 omnibus
386 352 607 397 credetur:
640 354 686 396 in
718 353 969 395 universum
1001 353 1116 400 (nam
1145 351 1370 407 singularia
1402 354 1445 396 in

145 429 229 472 hac
257 444 440 487 quoque
470 444 517 472 re
548 428 735 478 suerunt)
769 434 916 468 totum.
946 425 1130 467 chorum
1170 434 1213 467 ct
1243 427 1447 470 cecinisse

145 519 298 546 omnes
340 505 538 559 omnium
571 502 759 544 cuiusvis
789 500 959 556 generis
990 500 1259 542 canticorum
1292 510 1449 558 partes,

146 587 190 619 et
219 579 421 620 recitasse
453 586 496 619 et
526 583 785 633 anapaestos
803 582 847 615 et
867 574 1038 616 iambos
1054 573 1109 616 ad
1125 590 1261 617 unum
1279 591 1446 617 omnes.

143 651 301 694 Verum
336 652 392 694 de
424 652 493 694 his
525 664 708 708 quoque
730 649 860 691 rebus
889 649 974 690 alio
1003 648 1281 692 commodius
1311 665 1448 707 expo-

142 735 270 770 netur
299 727 415 769 loco.

265 802 313 843 In
339 816 378 842 v.
401 804 437 841 -7
472 800 603 841 verba
650 795 853 856 ἄπρηκτα
896 798 1011 839 κακά
1056 807 1230 840 vertunt
1271 814 1446 841 omncs:

152 874 452 933 »α’νωφέλητος
482 874 624 926 λύπη,
658 874 830 916 inutiles
856 888 1115 929 aerumnae,
1144 873 1284 915 luctus
1312 874 1446 917 inuti-

152 949 412 1005 »1is;uaxd,
445 964 596 1006 curae,
627 949 828 1007 dolores,
868 946 1092 1007 ἄπρηκτα,
1134 949 1296 1005 quibus
1336 950 1446 991 nihil

151 1023 410 1080 »proficias«
480 1025 528 1067 In
551 1025 711 1082 quibus
743 1024 889 1066 verbis
916 1032 1075 1080 stupeo
1095 1031 1223 1065 antea
1243 1039 1335 1065 non
1365 1040 1445 1066 au·-

143 1097 258 1140 ditis.
299 1098 507 1155 Dicimus,
524 1099 745 1157 inquiunt,
763 1097 984 1141 interdum
1006 1113 1086 1155 per
1100 1113 1254 1140 vocem
1282 1099 1436 1140 »malas«

144 1187 399 1229 aerumnas,
429 1188 542 1231 quae
573 1174 696 1215 malis
726 1173 854 1215 fiunt.
915 1172 1073 1215 Audio.
1135 1171 1238 1228 Sed,
1265 1173 1446 1230 siquis,

145 1248 223 1288 ubi
260 1246 316 1288 de
348 1249 472 1289 malis
502 1263 645 1289 sermo
679 1256 764 1302 est,
794 1247 921 1290 dicit:
960 1248 1141 1289 inutilis·
1168 1248 1336 1302 luctus,
1374 1247 1446 1289 di-

150 1321 330 1379 stinguit
359 1322 474 1364 inter
503 1322 616 1364 mala
635 1329 685 1364 ut
709 1336 883 1364 causam
897 1321 1039 1364 luctus
1055 1329 1098 1363 et
1114 1322 1295 1377 luctum,
1310 1337 1445 1378 quem

146 1396 256 1437 nihil
288 1395 459 1438 efficere
490 1404 641 1439 contra
660 1396 731 1438 illa
749 1395 982 1454 *significan
1042 1396 1205 1439 Fefeuit
1234 1397 1446 1454 elegantia

143 1471 263 1513 vocis
303 1470 596 1525 παυσάμενοι.
659 1469 887 1528 ’Άπρηκτα
932 1472 1100 1528 passive
1150 1470 1317 1513 dictum
1367 1480 1443 1512 est.

143 1544 207 1585 Tu
237 1553 374 1587 verte:
416 1544 663 1587 aufhorend
695 1560 784 1587 von
816 1545 844 1586 i.
878 1559 915 1586 e.
958 1545 1188 1586 ablassend
1228 1560 1314 1587 von
1355 1544 1445 1587 deu

146 1617 338 1674 Uebeln,
366 1634 503 1676 gegen
533 1619 699 1661 welche
728 1619 872 1661 nichts
902 1634 955 1660 zu
986 1619 1172 1661 macheu
1202 1619 1269 1660 ist.

263 1693 461 1734 Tantum.
513 1694 673 1735 Invitus
704 1693 870 1750 scripsi.
917 1693 1023 1735 Nam
1052 1692 1251 1734 discendi
1270 1693 1444 1734 suavior

144 1767 281 1809 multo
315 1782 447 1824 quam
467 1767 686 1810 scribendi
717 1768 856 1810 labor.
904 1767 991 1810 Sed
1024 1783 1122 1809 cum
1144 1768 1345 1826 privatim
1370 1768 1445 1810 tit-

144 1849 256 1883 teras
282 1842 484 1899 antiquas
506 1841 705 1885 docentis
723 1843 949 1900 publicum
970 1857 1062 1884 non
1076 1856 1445 1899 supervacaneum

144 1915 365 1958 videretur
396 1931 487 1958 esse
528 1917 776 1974 specimen,
814 1918 983 1974 suscepi
1025 1916 1204 1959 tandem
1253 1917 1445 1974 aliquam

145 1991 212 2032 vel
243 1991 389 2048 potius
422 1991 568 2049 incepi
599 1992 902 2049 scriptionem:
930 2007 1030 2033 nam
1052 2006 1168 2033 nunc
1188 1992 1320 2033 altera
1336 1991 1445 2032 mihi

145 2064 452 2107 addendorum
498 2081 598 2122 pars
639 2065 870 2107 scribenda
917 2066 1011 2107 erit.
1094 2066 1180 2108 Nisi
1226 2064 1335 2106 haec
1386 2065 1445 2105 ita

145 2138 441 2194 damnabitur,
472 2148 520 2181 ut
550 2140 674 2196 plura
704 2139 865 2181 addere
896 2140 963 2181 vei
994 2140 1208 2196 corrigere
1240 2139 1358 2180 nefas
1372 2139 1441 2180 sit.

144 2211 268 2264 Quae
330 2222 425 2254 utut
485 2222 633 2254 crunt:
703 2210 898 2264 ἵσταμαι
959 2210 1011 2259 δὴ
1065 2211 1206 2253 ποσσὶ
1260 2213 1443 2271 κούφοις

143 2284 346 2340 α’μπνέων
375 2301 425 2327 τε
463 2285 562 2345 πρίν
601 2302 648 2327 τι
678 2287 839 2343 φάμεν·
902 2287 1047 2328 πολλὰ
1083 2286 1164 2343 γὰρ
1195 2284 1343 2343 πολλᾷ
1370 2287 1444 2328 λέ-

142 2361 308 2401 λεκται·
369 2360 504 2416 νεαρὰ
536 2356 576 2400 δ’
608 2358 842 2417 ἐξευρόντα
878 2357 1012 2416 δόμεν
1042 2360 1224 2418 βασάνῳ
1255 2363 1295 2409 ἐς
1327 2354 1445 2417 ’ἐλεγ-

140 2450 251 2493 χον,
282 2431 399 2483 ἅπας
430 2432 634 2483 κίνδυνος.

529 2714 648 2734 ΒΟΔΝἉΔΕ
670 2715 755 2736 *uvis
780 2716 890 2738 CARQLI
914 2718 1053 2738 amonuit.
