1783 3070
115 363 215 407 λαῖς
233 360 300 402 vel
331 359 565 403 ablativum
596 360 663 403 vel
694 359 917 414 dativum3
938 354 1205 413 ἀναβαίνειν
1234 358 1301 399 vel
1319 361 1413 400 voci

109 434 301 487 ὑψηλαῖς
324 435 391 477 vel
412 435 639 478 universae
661 433 904 477 sententiae
935 430 1137 473 additum
1157 430 1415 492 dictumque

113 508 170 551 de
201 508 493 552 ascendenda,
514 509 582 552 vel
611 506 818 550 tun-ivel
847 506 1005 546 virtute
1032 504 1170 563 idque
1198 506 1266 547 vel
1287 506 1418 548 rebus

108 583 238 641 gestis
266 584 334 626 vel
363 583 579 626 canendo.
641 580 898 623 Subiectum
934 588 1016 622 est:
1046 581 1214 637 πύργος.
1275 581 1417 624 Verba

109 657 301 710 ὑψηλαῖς
332 657 514 715 ἀρεταῖς
545 653 722 698 ablativi
752 661 856 695 sunt
885 654 1154 711 pertinentes
1192 654 1250 698 ad
1278 653 1418 697 τετεί·

108 747 273 788 χισται
313 733 484 788 πύργος.
555 730 669 771 Vox.
696 724 952 785 α’ναβαίνειν
998 744 1089 771 non
1133 730 1190 773 ad
1226 731 1419 783 ὑψηλαῖς

111 807 324 863 pertinet3
365 818 512 861 neque
553 802 673 851 enim
715 810 862 860 potest
891 802 1035 845 verbis
1070 803 1131 845 ita
1169 803 1416 862 collocatis3

108 880 189 923 sed
226 895 307 937 per
338 893 384 920 se
414 876 564 920 addita
597 884 662 919 est
692 879 791 920 voci
821 876 980 935 πύργος
1020 877 1110 919 sive
1133 878 1323 920 notioni
1355 880 1418 921 al-

109 953 312 996 titudinis
342 952 389 994 in
405 951 585 1009 reliquis
613 965 851 1009 expressae.
896 951 997 1006 Quo
1020 950 1203 995 altitudo
1228 952 1420 997 ‘lucidius

110 1027 372 1070 describitur
400 1042 452 1069 ac
480 1027 597 1069 linea
627 1028 752 1085 quasi
785 1042 817 1070 a.
848 1027 1036 1070 culmine
1076 1028 1207 1070 turris
1244 1027 1302 1071 ad
1341 1044 1416 1071 so-

109 1102 200 1142 lum
231 1115 372 1158 usque
402 1100 588 1143 ducitur.

228 1176 274 1217 V.
298 1173 368 1218 54.
408 1175 658 1231 μαρνάσθω
688 1191 756 1224 τις
786 1173 919 1235 ἔρδων
950 1176 1070 1233 ἄμφ’
1091 1175 1417 1233 α’έξόλοισινγε-

107 1248 210 1292 νεᾶν
238 1248 472 1292 Κλεονίκου
503 1248 729 1305 ἐκμαθών·
778 1245 903 1293 οὗτοι
932 1252 1222 1310 τετύφλωται
1252 1252 1419 1313 μακρὸς

107 1324 284 1382 μόχθος
311 1320 491 1384 ἀνδρῶν·
531 1323 628 1366 οὐδ’
647 1325 816 1367 ὁπόσαι
846 1322 1047 1368 δαπάναι
1077 1324 1265 1369 ἐλπίδων
1282 1325 1413 1369 ἔκνισ’

107 1396 219 1442 ὄπιν.
282 1400 494 1457 Heynius:
544 1408 699 1443 »certet
732 1400 843 1443 mihi
884 1401 1067 1459 aliquis,
1103 1402 1149 1445 h.
1182 1417 1224 1444 e.·
1260 1417 1411 1459 nemo,

122 1475 220 1532 ”qui
250 1483 425 1531 gentem
456 1473 648 1516 Cleonici
679 1476 864 1530 noverit,
894 1474 1135 1518 contendat
1164 1476 1286 1518 facile
1312 1491 1413 1518 cum

122 1564 194 1590 »ca
225 1548 281 1590 de
311 1564 494 1590 numero
517 1549 809 1590 victoriarum.
852 1550 939 1593 Nec
971 1550 1088 1591 enim
1109 1551 1413 1606 certaminum,

124 1638 258 1680 nquae
291 1623 351 1664 illi
383 1624 628 1678 subierunt,
665 1623 880 1665 memoria
911 1624 1134 1666 oblivione
1163 1624 1305 1666 deleta
1336 1633 1414 1680 est,

120 1713 286 1756 »neque
319 1698 542 1755 impensae
572 1698 619 1740 in
648 1712 699 1741 ea
729 1697 865 1740 sactae
907 1698 1165 1741 obliteratae
1192 1707 1293 1741 sunt
1322 1699 1409 1742 ho-

118 1773 309 1815 »minum
338 1774 584 1815 memoriam
642 1773 886 1815 Boeckhius
916 1781 960 1815 et
995 1773 1235 1816 Dissenius:
1277 1789 1408 1816 »eon-

118 1847 290 1889 »tendat
304 1848 462 1905 aliquis
478 1849 628 1890 labore
650 1846 706 1896 de
728 1847 1014 1890 certaminum
1034 1849 1255 1905 praemiis,
1275 1858 1410 1906 gente

63 1950 68 1953 -
117 1922 331 1966 »Cleoniei
363 1923 549 1981 cognita.
610 1922 707 1966 Non
737 1917 973 1984 hebescit,s
994 1922 1144 1965 deficit
1181 1922 1411 1966 diuturnus

118 2002 409 2055 ¹¹(quanquam
437 1997 516 2040 diu
545 1998 632 2039 iam
671 1997 966 2049 continuatus)
997 1998 1123 2040 labor
1154 1998 1318 2040 horum
1346 1999 1413 2039 vi-

115 2088 312 2129 worum,
354 2086 437 2115 nec
473 2079 698 2130 quotquot
734 2070 912 2114 fuerunt
954 2080 1152 2130 sumptus
1192 2080 1411 2128 votorum,

113 2149 222 2190 »hoc
250 2148 413 2190 attrivit
430 2163 583 2189 eorum
601 2147 808 2188 studium.
855 2149 892 2187 T
895 2147 1160 2202 υφλοῦσὲαι
1182 2155 1246 2187 est
1262 2147 1411 2202 splen-

110 2221 239 2264 ”dore
267 2220 439 2279 privari.
487 2218 700 2262 Δαπάναι
719 2216 907 2262 ἐλπίδων
938 2220 1176 2277 impensae,
1204 2228 1405 2279 sumptus

115 2297 234 2339 »sacti
265 2296 322 2338 ad
347 2311 467 2353 spes,
492 2295 550 2337 ad
575 2304 677 2338 vota
705 2310 783 2337 sua
816 2294 1164 2352 consequenda-u
1213 2294 1411 2352 Μόχὲος

105 2370 181 2414 καὶ
211 2368 411 2413 δαπάναι
444 2369 686 2413 necessario
718 2382 836 2413 nunc
862 2376 964 2412 sunt
994 2369 1121 2412 labor
1159 2377 1204 2412 et
1236 2369 1413 2428 impen-

104 2463 190 2491 sae.
251 2448 320 2488 Οὐ
347 2446 638 2502 τετύφλωται
665 2444 829 2501 μακρὸς
860 2443 1036 2501 μόχέος
1068 2444 1234 2486 dietum
1267 2453 1332 2486 est
1355 2445 1414 2486 de

103 2530 281 2568 eventu:
314 2520 511 2581 profecto
545 2536 637 2564 non
669 2519 932 2563 frustraneus
969 2519 1049 2562 fuit
1088 2519 1243 2578 longus
1280 2519 1409 2563 labor

102 2598 310 2642 virorum.
373 2592 585 2639 Ἐλπίδων
610 2588 712 2642 ,ὅπις
752 2595 946 2637 internus
985 2594 1120 2637 animi
1159 2602 1306 2637 motus
1350 2603 1416 2637 est
