1783 3070
226 292 508 349 προφάταν,
541 302 585 337 et
614 302 734 336 certo
778 301 821 336 et
851 294 1035 351 eleganti
1068 292 1363 337 transducitur
1392 294 1545 338 modo.

232 366 286 409 lu
319 383 409 425 qua
439 369 507 411 via
538 370 671 412 verba
701 367 954 429 ἀργυρέαισι
985 367 1203 427 φιάλαισι
1229 369 1289 411 ita
1306 385 1416 413 voce
1439 386 1548 428 pro-

236 441 475 500 ducuntur,
506 451 556 487 ut
573 453 692 487 recte
712 444 930 488 addantur
954 444 1091 487 verba
1120 444 1354 501 sequentia
1371 442 1423 494 ἅς
1437 460 1547 487 ποτε

239 526 322 559 cet.
386 518 478 576 Qui
512 519 560 561 in
590 535 699 563 voce
730 519 806 575 μίν
836 520 918 562 τὸν
944 522 1135 577 κρητῆρα
1162 519 1424 577 intelligunt,
1453 535 1547 563 non

233 591 402 648 video,
433 593 668 651 quomodo
700 610 792 637 non
823 593 1051 638 offendant
1081 594 1126 636 in
1154 608 1263 636 voce
1301 589 1379 650 ἅς,
1406 609 1545 652 quam

240 674 417 721 praeter
443 670 817 726 exspectationem
852 671 936 712 illis
965 669 1207 727 putaverim
1239 667 1357 711 addi.

773 800 920 838 Nem.
952 800 1015 838 X.

357 892 405 935 In
437 909 476 935 v.
505 896 546 935 5.
579 908 672 935 non
711 892 842 935 video
874 908 1031 936 manus
1061 893 1246 951 Epaphi.
1307 891 1462 943 Versus
1484 893 1543 935 29

232 982 361 1027 seqq.
393 970 482 1008 Ζεῦ
510 968 675 1025 πάτερ,
707 971 796 1009 τῶν
826 967 917 1023 μὰν
958 961 1119 1025 ἔραται
1158 966 1316 1025 φρενὶ,
1355 971 1462 1024 σιγᾷ
1504 967 1548 1009 οἱ

228 1040 411 1095 στόμα·
458 1044 549 1084 πᾶν
591 1036 641 1084 δὲ
682 1040 811 1090 τέλος
847 1043 893 1084 ἐν
923 1040 997 1084 τὶν
1029 1038 1177 1099 ἔργων·
1228 1038 1328 1084 οὐδ’
1354 1041 1550 1099 ἀμόχθῳ

227 1112 394 1173 καρδίᾳ
419 1115 670 1175 προςφέρων
701 1117 879 1172 τόλμαν
895 1120 1199 1177 ,παραιτεῖται
1229 1116 1378 1175 χάριν·
1407 1114 1553 1172 wart&

233 1188 396 1247 Θειαίῳ
422 1206 474 1232 τε
500 1191 575 1233 καὶ
591 1189 720 1240 ὅστις
747 1190 1002 1247 ἁμιλλᾶται
1033 1190 1132 1249 περὶ
1161 1191 1372 1249 ἐσχάτων
1397 1188 1550 1233 ἄθλων

232 1268 450 1324 κορυφαῖς
498 1267 667 1324 optime
705 1267 769 1309 sic
806 1269 944 1309 sanati
980 1281 1074 1310 esse
1114 1265 1333 1309 videntur.
1402 1266 1549 1308 Restat

233 1349 284 1383 ut
312 1341 598 1399 explicentur.
668 1341 776 1386 Nam
809 1342 1001 1399 Heynius
1041 1341 1191 1384 vertit:
1246 1341 1430 1398 »premit
1467 1355 1545 1382 sua

244 1423 387 1459 »votaz
418 1432 511 1459 non
539 1425 684 1460 autem
716 1416 1002 1475 deprecatur,
1031 1416 1203 1474 refugit,
1228 1414 1363 1459 decus
1380 1430 1433 1457 ex
1447 1430 1546 1457 cer-

243 1491 431 1534 »tamine
482 1507 590 1550 prae
639 1493 833 1550 ignavia,
884 1507 985 1535 cum
1034 1492 1138 1535 satis
1178 1492 1402 1535 animosus
1444 1492 1536 1533 sitm

231 1567 529 1610 Hermannus:
573 1568 789 1611 ”Theaeus
818 1584 911 1611 non
940 1569 1110 1626 ignavia
1129 1566 1392 1625 deprecatur
1410 1566 1546 1610 decus

242 1642 586 1700 ”olympicorum
638 1644 956 1699 certaminum,
1005 1658 1145 1701 quum
1194 1643 1334 1686 robur
1378 1642 1543 1686 afferat.

245 1717 426 1759 ”Notum
456 1717 546 1759 hoc
578 1718 662 1775 ipsi
706 1726 771 1759 est
806 1718 972 1775 pariter
1014 1726 1147 1776 atque
1193 1717 1424 1773 omnibus,
1466 1716 1545 1775 qui

246 1792 386 1834 »illam
427 1792 610 1849 gloriam
653 1793 993 1849 concupiscunt:
1029 1788 1239 1835 nimi-rum
1280 1792 1442 1834 virtute
1481 1792 1545 1833 ibi

248 1879 383 1922 »opus
411 1879 539 1906 essem
610 1865 873 1907 Boeckhius:
914 1880 1083 1923 »neque
1111 1880 1215 1907 vero
1246 1866 1366 1922 segni
1396 1864 1548 1921 corde,

253 1955 374 1982 »cum
393 1939 544 1982 afferat
573 1938 817 1995 audaciam,
848 1938 1109 1997 deprecatur
1123 1939 1409 1991 beneficium:
1442 1948 1547 1982 nota

247 2014 661 2072 »haccTheaeoque
694 2023 738 2056 et
767 2015 903 2055 cuivis
934 2023 1037 2056 cet-u
1093 2015 1337 2056 Dissenius:
1378 2029 1545 2072 ”neque

249 2090 467 2147 ”profecto
501 2090 658 2148 ignavo
690 2091 856 2146 animo,
887 2091 1062 2132 roboris
1087 2089 1295 2132 fiduciam
1317 2091 1547 2133 cum-affe·-

250 2173 348 2221 ”rat³
380 2165 644 2223 deprecatur
671 2165 882 2223 gloriam,
911 2173 1017 2208 nota
1049 2179 1162 2223 quae
1193 2179 1262 2207 res
1294 2172 1359 2207 est
1390 2154 1546 2225 (χάριν

249 2227 491 2299 »intelligit‚
520 2242 731 2300 gloriam,
763 2241 883 2284 cuius
912 2241 1102 2285 dulcedo
1136 2250 1241 2285 nota
1272 2242 1328 2283 sit
1355 2242 1548 2297 Theaeo,

246 2317 505 2359 ”multorum
552 2317 760 2360 ludorum
798 2318 983 2373 victori,
1020 2326 1064 2359 et
1103 2318 1311 2359 omnibus
1353 2316 1545 2372 athletis,

243 2392 341 2450 ”qui
374 2393 606 2436 illustriora
637 2394 876 2436 certamina
905 2392 1068 2436 adeant
1097 2401 1141 2436 et
1170 2392 1226 2436 dc
1252 2392 1439 2435 summis
1464 2407 1544 2435 co-

245 2469 385 2510 =·i·onis
414 2472 596 2516 certent)
626 2468 892 2527 'fh-eaeoque
918 2476 967 2510 -et
997 2468 1220 2524 omnibus,
1243 2467 1397 2526 quide
1423 2480 1544 2508 sum-

244 2542 347 2586 »mis
386 2545 594 2603 praemiis
635 2553 839 2601 certant-«c
910 2544 1136 2600 Manifesto
1178 2545 1334 2598 vitiosa
1377 2541 1539 2585 omnia.
