1783 3070
750 166 1046 213 ...40-

246 292 431 350 quidem
464 308 638 350 semper
668 308 760 335 nou
789 292 931 334 solum
963 289 1148 347 placuit,
1193 288 1272 332 sed
1302 290 1434 346 plane
1466 303 1547 331 ne-

244 370 479 411 cessarium
513 369 652 411 visum
685 376 749 410 est
785 368 898 409 inter
935 364 1123 408 ceteram
1167 364 1346 407 Pindari
1384 364 1547 406 dictio-,-

245 460 373 487 uem:
405 452 453 486 ut
484 443 782 499 offenderem,
812 444 847 485 si
878 440 996 486 aliud
1024 440 1226 499 legerem.

363 520 409 561 ln
441 520 595 577 quinta
625 519 808 576 stropha
824 526 1082 562 structuram
1100 515 1358 559 verborum:
1390 511 1543 563 ἐδόκη-

242 595 321 636 οέν
351 609 400 634 τε
430 597 517 635 τῶν
550 594 696 634 πάλαι
726 597 850 649 γενεᾷ
881 593 1215 649 ὁπλοτέροισιν,
1257 586 1378 648 ἔργον
1407 590 1550 630 πελώ-
1600 635 1607 639 ω

244 684 336 726 ριον
368 668 603 721 τελέσαις,
652 666 822 717 ὕπατος
861 668 984 726 ἀμφὶ
1025 671 1229 710 τοκεῦσιν
1268 663 1402 721 Ίε’μμεν
1444 664 1551 723 πρός

242 744 407 801 ἀρετάν
450 745 612 801 triplici
659 745 797 786 modo
840 745 1123 786 constituunt.
1211 743 1313 784 Alii:
1365 738 1550 788 ἐδόκησε

243 822 340 867 τοῖς
388 820 675 878 ὁπλοτέροισι
711 817 795 861 τῶν
844 819 1000 861 πάλαι.
1078 818 1183 860 Alii:
1233 813 1415 865 ἐδόκησε
1456 818 1551 863 τοῖς

251 895 564 951 ὁπλοτέροισιν
595 892 768 941 ὕπατος
804 897 890 935 τῶν
920 893 1064 934 πάλαι
1096 890 1222 934 εἶναι.
1297 893 1380 934 Alii
1426 891 1554 934 deni-

245 986 356 1027 que:
396 964 604 1016 ἐδόκησεν
631 965 801 1016 ὕπατος
832 965 947 1009 εἶναι
976 971 1071 1015 τοῖς
1103 968 1246 1018 (inter)
1289 971 1377 1010 τῶν
1408 968 1553 1009 πάλαι

243 1041 366 1098 γενεᾷ
399 1043 724 1100 ὁπλοτέροισιν.
787 1044 876 1100 Ego
909 1044 1025 1084 hanc
1051 1041 1207 1084 video:
1254 1038 1438 1090 ἐδόκησε
1468 1045 1555 1084 τῶν

244 1119 388 1158 πάλαι
419 1140 476 1146 -
507 1120 632 1173 γενεᾷ
665 1117 979 1175 ὁπλοτέροισιν
1010 1112 1182 1164 ὕπατος
1214 1112 1360 1171 ἔμμεν.
1425 1117 1559 1158 Geni-

247 1194 358 1235 tivus
388 1192 555 1251 pendet
584 1208 607 1234 e
635 1192 932 1251 Thrasybulo3
976 1191 1145 1234 dativus
1176 1208 1201 1234 e
1231 1207 1341 1234 voce
1371 1188 1554 1240 ὕπατος.

245 1269 348 1325 Quo
382 1268 542 1325 duplex
573 1268 788 1326 genitivus
821 1267 1050 1310 devitatur.
1112 1267 1235 1309 Visus
1262 1275 1352 1323 est,
1394 1266 1555 1324 inquit,

251 1344 319 1384 ille
352 1344 553 1400 priorum
584 1344 820 1385 hominum
855 1343 970 1384 inter
1001 1351 1108 1386 natu
1134 1343 1330 1386 iuniores
1362 1357 1560 1384 summus

251 1432 342 1459 esse
369 1418 416 1459 in
446 1418 689 1460 reverentia
718 1426 964 1475 parentum.

373 1493 501 1549 Quae
530 1508 649 1534 nunc
680 1501 923 1549 sequuntur
962 1493 1121 1535 verba:
1163 1491 1225 1533 τὰ
1255 1493 1336 1546 μὲν
1363 1490 1559 1548 παρίκει·

251 1570 337 1609 τῶν
370 1570 447 1609 νῦν
479 1564 527 1609 δὲ
559 1566 633 1608 καὶ
660 1567 975 1627 Θρασύβουλος
996 1564 1208 1625 πατρῴαν
1225 1566 1433 1622 μάλιστα
1453 1566 1563 1624 πρὸς

254 1642 473 1696 στάθμαν
504 1639 584 1698 ἔβα
614 1642 768 1698 πάτρῳ
794 1641 836 1683 τ’
855 1645 1149 1700 ἐπερχόμενος
1176 1639 1370 1697 ἀγλαΐαν
1395 1634 1566 1692 ἔδειξεν,

258 1732 348 1773 quo
379 1725 509 1774 pacto
536 1717 798 1775 praegressis
829 1716 1136 1776 adiungantur,
1168 1716 1314 1760 adhuc
1334 1725 1467 1760 restat
1483 1732 1565 1775 pa—

260 1792 459 1832 tefacere.
530 1791 683 1846 Neque
715 1792 834 1832 enim
866 1791 1026 1833 sufficit
1054 1807 1093 1833 v.
1131 1806 1167 1833 c.
1196 1792 1386 1834 Dissenii
1417 1807 1568 1849 opera,

265 1864 342 1921 qui
374 1865 561 1921 scripsit:
613 1865 764 1922 »sequi
796 1864 1008 1908 debebat:
1042 1866 1278 1908 recentiori
1316 1881 1421 1908 vero
1451 1875 1567 1909 tem-

253 1954 403 1995 1npore
436 1940 566 1980 etiam
597 1939 889 1996 Thrasybulus
918 1948 982 1980 est
1009 1954 1123 1981 unus
1155 1954 1333 1995 eorum,
1364 1941 1443 1997 qui
1471 1942 1568 1997 pie*-

276 2022 383 2055 »tate
423 2029 521 2070 erga
563 2022 767 2071 parentes
806 2030 852 2056 se
893 2013 1165 2072 distinguunt
1206 2015 1408 2057 maxime.
1482 2015 1571 2057 Sed

278 2088 456 2130 »iterum
488 2103 571 2145 pro
609 2089 802 2147 generali
845 2088 985 2132 forma
1023 2090 1291 2147 peculiarem
1333 2090 1570 2146 substituit,

277 2164 356 2204 »ita
388 2163 563 2205 dicens:
595 2165 712 2205 inter
734 2165 1000 2206 recentiores
1020 2165 1149 2206 etiam
1168 2165 1461 2223 Thrasybulus
1477 2181 1573 2208 ma-

278 2237 411 2279 ”xime
453 2238 509 2281 ad
551 2239 686 2296 patris
719 2253 919 2281 normam
952 2240 1129 2282 incessit
1159 2248 1203 2282 et
1232 2248 1438 2298 patruum
1469 2240 1572 2283 imi-

276 2321 391 2354 »rtaus
422 2314 589 2357 virtutis
622 2323 665 2356 et
709 2315 913 2358 victoriae
944 2315 1077 2359 decus
1109 2316 1303 2358 ostendit
1332 2332 1365 2358 s.
1393 2316 1573 2373 conspi-

276 2388 502 2431 »ciendum
544 2390 751 2448 praebuit
800 2391 844 2432 h.
880 2407 917 2433 e.
955 2392 1070 2434 inter
1119 2392 1388 2434 recentiores
1441 2391 1573 2433 etiam

277 2464 586 2522 ”Thrasybulus
627 2481 733 2524 prae
775 2467 868 2509 aliis
908 2468 1034 2525 pium
1077 2482 1122 2508 se
1169 2467 1363 2509 ostendit
1403 2474 1573 2523 patrem

277 2528 590 2598 »patruumque
623 2542 799 2588 imitans
831 2543 1001 2588 virtutis
1032 2550 1076 2585 et
1105 2543 1269 2602 glor-iae
1295 2541 1445 2584 studio
1472 2554 1578 2582 eos-
