<?xml version="1.0" encoding="UTF-8"?>
<!DOCTYPE html PUBLIC "-//W3C//DTD XHTML 1.0 Transitional//EN"
    "http://www.w3.org/TR/xhtml1/DTD/xhtml1-transitional.dtd">
<html xmlns="http://www.w3.org/1999/xhtml" xml:lang="en" lang="en">
 <head>
  <title>
</title>
<meta http-equiv="Content-Type" content="text/html;charset=utf-8" />
  <meta name='ocr-system' content='tesseract 3.04.00' />
  <meta name='ocr-capabilities' content='ocr_page ocr_carea ocr_par ocr_line ocrx_word'/>
</head>
<body>
  <div class='ocr_page' id='page_1' title='image "4630637_0054.png"; bbox 0 0 1783 3070; ppageno 0'>
   <div class='ocr_carea' id='block_1_1' title="bbox 791 189 1081 234">
    <p class='ocr_par' dir='ltr' id='par_1_1' title="bbox 791 189 1081 234">
     <span class='ocr_line' id='line_1_1' title="bbox 791 189 1081 234; baseline -0.003 -11"><span class='ocrx_word' id='word_1_1' title='bbox 791 189 1081 234; x_wconf 53' lang='lat'>„44-</span> 
     </span>
    </p>
   </div>
   <div class='ocr_carea' id='block_1_2' title="bbox 277 308 1588 2238">
    <p class='ocr_par' dir='ltr' id='par_1_2' title="bbox 277 308 1588 2238">
     <span class='ocr_line' id='line_1_2' title="bbox 282 308 1582 375; baseline -0.001 -20"><span class='ocrx_word' id='word_1_2' title='bbox 282 327 440 356; x_wconf 85' lang='lat' dir='ltr'>omnes</span> <span class='ocrx_word' id='word_1_3' title='bbox 457 314 504 357; x_wconf 91' lang='lat' dir='ltr'>in</span> <span class='ocrx_word' id='word_1_4' title='bbox 523 308 783 375; x_wconf 59' lang='lat' dir='ltr'>‘uirginibus</span> <span class='ocrx_word' id='word_1_5' title='bbox 801 313 1091 357; x_wconf 89' lang='lat' dir='ltr'>Telesicraten</span> <span class='ocrx_word' id='word_1_6' title='bbox 1110 311 1196 354; x_wconf 85' lang='lat' dir='ltr'>sibi</span> <span class='ocrx_word' id='word_1_7' title='bbox 1214 311 1360 355; x_wconf 55' lang='lat' dir='ltr'>filium⁴</span> <span class='ocrx_word' id='word_1_8' title='bbox 1386 311 1582 371; x_wconf 77' lang='lat' dir='ltr'>optanti-</span> 
     </span>
     <span class='ocr_line' id='line_1_3' title="bbox 281 387 1583 448; baseline 0 -18"><span class='ocrx_word' id='word_1_9' title='bbox 281 387 379 431; x_wconf 88' lang='lat' dir='ltr'>bus.</span> <span class='ocrx_word' id='word_1_10' title='bbox 448 390 601 448; x_wconf 87' lang='lat' dir='ltr'>Itaque</span> <span class='ocrx_word' id='word_1_11' title='bbox 640 390 847 434; x_wconf 81' lang='lat' dir='ltr'>mulieres</span> <span class='ocrx_word' id='word_1_12' title='bbox 887 389 955 432; x_wconf 82' lang='lat' dir='ltr'>vel</span> <span class='ocrx_word' id='word_1_13' title='bbox 990 387 1259 432; x_wconf 87' lang='lat' dir='ltr'>substituunt</span> <span class='ocrx_word' id='word_1_14' title='bbox 1290 389 1359 431; x_wconf 82' lang='lat' dir='ltr'>vel</span> <span class='ocrx_word' id='word_1_15' title='bbox 1399 387 1583 431; x_wconf 83' lang='lat' dir='ltr'>addunt.</span> 
     </span>
     <span class='ocr_line' id='line_1_4' title="bbox 283 461 1585 519; baseline -0.002 -14"><span class='ocrx_word' id='word_1_16' title='bbox 283 462 339 505; x_wconf 85' lang='lat' dir='ltr'>Ut</span> <span class='ocrx_word' id='word_1_17' title='bbox 368 464 632 507; x_wconf 84' lang='lat' dir='ltr'>Boeekhius:</span> <span class='ocrx_word' id='word_1_18' title='bbox 685 480 860 507; x_wconf 85' lang='lat' dir='ltr'>»omnes</span> <span class='ocrx_word' id='word_1_19' title='bbox 890 464 1092 506; x_wconf 87' lang='lat' dir='ltr'>mulieres</span> <span class='ocrx_word' id='word_1_20' title='bbox 1121 461 1327 504; x_wconf 84' lang='lat' dir='ltr'>viderunt</span> <span class='ocrx_word' id='word_1_21' title='bbox 1336 463 1585 519; x_wconf 65' lang='lat' dir='ltr'>,singulae9</span> 
     </span>
     <span class='ocr_line' id='line_1_5' title="bbox 292 531 1585 597; baseline -0.001 -17"><span class='ocrx_word' id='word_1_22' title='bbox 292 546 447 596; x_wconf 77' lang='lat' dir='ltr'>»prout</span> <span class='ocrx_word' id='word_1_23' title='bbox 474 553 680 597; x_wconf 87' lang='lat' dir='ltr'>quaeque</span> <span class='ocrx_word' id='word_1_24' title='bbox 708 547 825 596; x_wconf 73' lang='lat' dir='ltr'>erat,</span> <span class='ocrx_word' id='word_1_25' title='bbox 863 547 938 583; x_wconf 91' lang='lat' dir='ltr'>aut</span> <span class='ocrx_word' id='word_1_26' title='bbox 966 538 1105 582; x_wconf 84' lang='lat' dir='ltr'>virum</span> <span class='ocrx_word' id='word_1_27' title='bbox 1137 531 1215 581; x_wconf 87' lang='lat' dir='ltr'>aut</span> <span class='ocrx_word' id='word_1_28' title='bbox 1238 535 1379 579; x_wconf 81' lang='lat' dir='ltr'>filium</span> <span class='ocrx_word' id='word_1_29' title='bbox 1408 544 1585 595; x_wconf 84' lang='lat' dir='ltr'>expete-</span> 
     </span>
     <span class='ocr_line' id='line_1_6' title="bbox 291 612 1588 669; baseline -0.001 -15"><span class='ocrx_word' id='word_1_30' title='bbox 291 613 431 654; x_wconf 82' lang='lat' dir='ltr'>»bant.</span> <span class='ocrx_word' id='word_1_31' title='bbox 493 613 570 662; x_wconf 73' lang='grc' dir='ltr'>“Ως</span> <span class='ocrx_word' id='word_1_32' title='bbox 600 614 774 655; x_wconf 83' lang='grc' dir='ltr'><em>ἑκάστα</em></span> <span class='ocrx_word' id='word_1_33' title='bbox 804 614 962 657; x_wconf 82' lang='lat' dir='ltr'>dividit</span> <span class='ocrx_word' id='word_1_34' title='bbox 983 615 1096 656; x_wconf 88' lang='lat' dir='ltr'>inter</span> <span class='ocrx_word' id='word_1_35' title='bbox 1125 612 1344 667; x_wconf 84' lang='lat' dir='ltr'>mulieres,</span> <span class='ocrx_word' id='word_1_36' title='bbox 1368 619 1419 653; x_wconf 93' lang='lat' dir='ltr'>ut</span> <span class='ocrx_word' id='word_1_37' title='bbox 1449 625 1588 669; x_wconf 91' lang='lat' dir='ltr'>quae·-</span> 
     </span>
     <span class='ocr_line' id='line_1_7' title="bbox 291 685 1585 749; baseline -0.002 -19"><span class='ocrx_word' id='word_1_38' title='bbox 291 703 401 745; x_wconf 77' lang='lat' dir='ltr'>”que</span> <span class='ocrx_word' id='word_1_39' title='bbox 432 697 507 732; x_wconf 90' lang='lat' dir='ltr'>aut</span> <span class='ocrx_word' id='word_1_40' title='bbox 537 689 658 749; x_wconf 86' lang='lat' dir='ltr'>virgo</span> <span class='ocrx_word' id='word_1_41' title='bbox 692 698 784 733; x_wconf 87' lang='lat' dir='ltr'>erat</span> <span class='ocrx_word' id='word_1_42' title='bbox 814 698 889 733; x_wconf 92' lang='lat' dir='ltr'>aut</span> <span class='ocrx_word' id='word_1_43' title='bbox 915 698 1076 748; x_wconf 88' lang='lat' dir='ltr'>nupta:</span> <span class='ocrx_word' id='word_1_44' title='bbox 1117 685 1332 747; x_wconf 76' lang='lat' dir='ltr'>posterius</span> <span class='ocrx_word' id='word_1_45' title='bbox 1374 694 1469 729; x_wconf 73' lang='lat' dir='ltr'>”aut</span> <span class='ocrx_word' id='word_1_46' title='bbox 1500 701 1585 728; x_wconf 86' lang='lat' dir='ltr'>nu·-</span> 
     </span>
     <span class='ocr_line' id='line_1_8' title="bbox 290 760 1583 821; baseline -0.002 -18"><span class='ocrx_word' id='word_1_47' title='bbox 290 770 406 818; x_wconf 75' lang='lat' dir='ltr'>»pta«</span> <span class='ocrx_word' id='word_1_48' title='bbox 448 778 543 805; x_wconf 91' lang='lat' dir='ltr'>non</span> <span class='ocrx_word' id='word_1_49' title='bbox 576 778 826 821; x_wconf 90' lang='lat' dir='ltr'>expressum</span> <span class='ocrx_word' id='word_1_50' title='bbox 858 772 946 820; x_wconf 77' lang='lat' dir='ltr'>est,</span> <span class='ocrx_word' id='word_1_51' title='bbox 989 762 1068 806; x_wconf 90' lang='lat' dir='ltr'>sed</span> <span class='ocrx_word' id='word_1_52' title='bbox 1107 763 1230 806; x_wconf 85' lang='lat' dir='ltr'>facile</span> <span class='ocrx_word' id='word_1_53' title='bbox 1266 761 1493 819; x_wconf 78' lang='lat' dir='ltr'><strong>suppletur</strong></span> <span class='ocrx_word' id='word_1_54' title='bbox 1523 760 1583 801; x_wconf 93' lang='lat' dir='ltr'>ob</span> 
     </span>
     <span class='ocr_line' id='line_1_9' title="bbox 291 834 1586 896; baseline 0 -20"><span class='ocrx_word' id='word_1_55' title='bbox 291 836 444 880; x_wconf 57' lang='lat' dir='ltr'>»vidia«</span> <span class='ocrx_word' id='word_1_56' title='bbox 514 837 668 895; x_wconf 78' lang='lat' dir='ltr'>Quod,</span> <span class='ocrx_word' id='word_1_57' title='bbox 696 846 746 880; x_wconf 93' lang='lat' dir='ltr'>ut</span> <span class='ocrx_word' id='word_1_58' title='bbox 775 839 945 896; x_wconf 86' lang='lat' dir='ltr'>reliqua</span> <span class='ocrx_word' id='word_1_59' title='bbox 975 846 1159 893; x_wconf 74' lang='lat' dir='ltr'>taceam,</span> <span class='ocrx_word' id='word_1_60' title='bbox 1185 845 1338 895; x_wconf 86' lang='lat' dir='ltr'>peccat</span> <span class='ocrx_word' id='word_1_61' title='bbox 1355 837 1400 878; x_wconf 91' lang='lat' dir='ltr'>in</span> <span class='ocrx_word' id='word_1_62' title='bbox 1425 834 1586 877; x_wconf 91' lang='lat' dir='ltr'>dictio-</span> 
     </span>
     <span class='ocr_line' id='line_1_10' title="bbox 282 911 1585 958; baseline 0 -7"><span class='ocrx_word' id='word_1_63' title='bbox 282 925 385 952; x_wconf 87' lang='lat' dir='ltr'>nem</span> <span class='ocrx_word' id='word_1_64' title='bbox 417 911 470 958; x_wconf 83' lang='grc' dir='ltr'>ὡς</span> <span class='ocrx_word' id='word_1_65' title='bbox 501 912 687 952; x_wconf 87' lang='grc' dir='ltr'><em>ἑκάστα.</em></span> <span class='ocrx_word' id='word_1_66' title='bbox 753 912 994 954; x_wconf 89' lang='lat' dir='ltr'>Dissenius:</span> <span class='ocrx_word' id='word_1_67' title='bbox 1035 911 1271 954; x_wconf 71' lang='lat' dir='ltr'>»videbant</span> <span class='ocrx_word' id='word_1_68' title='bbox 1299 920 1343 953; x_wconf 91' lang='lat' dir='ltr'>te</span> <span class='ocrx_word' id='word_1_69' title='bbox 1374 911 1585 953; x_wconf 84' lang='lat' dir='ltr'>victorem</span> 
     </span>
     <span class='ocr_line' id='line_1_11' title="bbox 290 986 1586 1044; baseline 0.002 -18"><span class='ocrx_word' id='word_1_70' title='bbox 290 993 354 1026; x_wconf 78' lang='lat' dir='ltr'>»et</span> <span class='ocrx_word' id='word_1_71' title='bbox 383 986 539 1027; x_wconf 81' lang='lat' dir='ltr'>tacitae</span> <span class='ocrx_word' id='word_1_72' title='bbox 569 986 653 1027; x_wconf 89' lang='lat' dir='ltr'>sibi</span> <span class='ocrx_word' id='word_1_73' title='bbox 679 1001 884 1043; x_wconf 87' lang='lat' dir='ltr'>quaeque</span> <span class='ocrx_word' id='word_1_74' title='bbox 899 986 1086 1043; x_wconf 82' lang='lat' dir='ltr'>virgines</span> <span class='ocrx_word' id='word_1_75' title='bbox 1117 987 1350 1044; x_wconf 74' lang='lat' dir='ltr'>coniugem</span> <span class='ocrx_word' id='word_1_76' title='bbox 1381 994 1426 1028; x_wconf 89' lang='lat' dir='ltr'>te</span> <span class='ocrx_word' id='word_1_77' title='bbox 1458 993 1586 1043; x_wconf 87' lang='lat' dir='ltr'>opta-</span> 
     </span>
     <span class='ocr_line' id='line_1_12' title="bbox 289 1060 1587 1117; baseline 0.002 -17"><span class='ocrx_word' id='word_1_78' title='bbox 289 1060 417 1101; x_wconf 80' lang='lat' dir='ltr'>»bant</span> <span class='ocrx_word' id='word_1_79' title='bbox 443 1068 517 1101; x_wconf 91' lang='lat' dir='ltr'>aut</span> <span class='ocrx_word' id='word_1_80' title='bbox 547 1068 596 1102; x_wconf 94' lang='lat' dir='ltr'>ut</span> <span class='ocrx_word' id='word_1_81' title='bbox 626 1060 765 1102; x_wconf 90' lang='lat' dir='ltr'>filium</span> <span class='ocrx_word' id='word_1_82' title='bbox 799 1060 1038 1117; x_wconf 87' lang='lat' dir='ltr'>aliquando</span> <span class='ocrx_word' id='word_1_83' title='bbox 1069 1061 1203 1102; x_wconf 85' lang='lat' dir='ltr'>talem</span> <span class='ocrx_word' id='word_1_84' title='bbox 1225 1061 1390 1102; x_wconf 89' lang='lat' dir='ltr'>habere</span> <span class='ocrx_word' id='word_1_85' title='bbox 1408 1060 1587 1102; x_wconf 89' lang='lat' dir='ltr'>contin—</span> 
     </span>
     <span class='ocr_line' id='line_1_13' title="bbox 287 1133 1584 1191; baseline -0.001 -15"><span class='ocrx_word' id='word_1_86' title='bbox 287 1142 471 1191; x_wconf 78' lang='lat' dir='ltr'>»geret.«</span> <span class='ocrx_word' id='word_1_87' title='bbox 552 1134 720 1177; x_wconf 88' lang='lat' dir='ltr'>Eodem</span> <span class='ocrx_word' id='word_1_88' title='bbox 761 1133 899 1177; x_wconf 85' lang='lat' dir='ltr'>modo</span> <span class='ocrx_word' id='word_1_89' title='bbox 931 1134 1182 1177; x_wconf 88' lang='lat' dir='ltr'>Welckerus</span> <span class='ocrx_word' id='word_1_90' title='bbox 1215 1135 1261 1176; x_wconf 90' lang='lat' dir='ltr'>in</span> <span class='ocrx_word' id='word_1_91' title='bbox 1301 1135 1408 1177; x_wconf 88' lang='lat' dir='ltr'>Mus.</span> <span class='ocrx_word' id='word_1_92' title='bbox 1442 1134 1584 1177; x_wconf 83' lang='lat' dir='ltr'>Rhea.</span> 
     </span>
     <span class='ocr_line' id='line_1_14' title="bbox 277 1208 1586 1267; baseline -0.002 -16"><span class='ocrx_word' id='word_1_93' title='bbox 277 1210 434 1251; x_wconf 90' lang='lat' dir='ltr'>Philol.</span> <span class='ocrx_word' id='word_1_94' title='bbox 463 1210 513 1265; x_wconf 74' lang='grc' dir='ltr'>Π,</span> <span class='ocrx_word' id='word_1_95' title='bbox 543 1213 569 1252; x_wconf 89' lang='lat'><strong>3</strong></span> <span class='ocrx_word' id='word_1_96' title='bbox 602 1225 646 1267; x_wconf 86' lang='lat' dir='ltr'>p.</span> <span class='ocrx_word' id='word_1_97' title='bbox 680 1212 782 1252; x_wconf 88' lang='grc'><strong>378.</strong></span> <span class='ocrx_word' id='word_1_98' title='bbox 826 1210 924 1251; x_wconf 78' lang='lat' dir='ltr'>»bei</span> <span class='ocrx_word' id='word_1_99' title='bbox 953 1209 1107 1252; x_wconf 89' lang='lat' dir='ltr'>diesen</span> <span class='ocrx_word' id='word_1_100' title='bbox 1137 1210 1314 1267; x_wconf 89' lang='lat' dir='ltr'>Spielen</span> <span class='ocrx_word' id='word_1_101' title='bbox 1343 1210 1480 1251; x_wconf 88' lang='lat' dir='ltr'>sahen</span> <span class='ocrx_word' id='word_1_102' title='bbox 1511 1208 1586 1250; x_wconf 90' lang='lat' dir='ltr'>die</span> 
     </span>
     <span class='ocr_line' id='line_1_15' title="bbox 285 1283 1584 1342; baseline -0.001 -15"><span class='ocrx_word' id='word_1_103' title='bbox 285 1284 603 1342; x_wconf 80' lang='lat' dir='ltr'>»Kyrenischen</span> <span class='ocrx_word' id='word_1_104' title='bbox 632 1283 898 1342; x_wconf 83' lang='lat' dir='ltr'>Jungfrauen</span> <span class='ocrx_word' id='word_1_105' title='bbox 928 1284 1023 1327; x_wconf 88' lang='lat' dir='ltr'>ihm</span> <span class='ocrx_word' id='word_1_106' title='bbox 1053 1300 1107 1328; x_wconf 92' lang='lat' dir='ltr'>zu</span> <span class='ocrx_word' id='word_1_107' title='bbox 1126 1284 1221 1328; x_wconf 89' lang='lat' dir='ltr'>und</span> <span class='ocrx_word' id='word_1_108' title='bbox 1232 1283 1336 1341; x_wconf 85' lang='lat' dir='ltr'>jede</span> <span class='ocrx_word' id='word_1_109' title='bbox 1356 1283 1584 1328; x_wconf 75' lang='lat' dir='ltr'>wunschte</span> 
     </span>
     <span class='ocr_line' id='line_1_16' title="bbox 286 1359 1585 1415; baseline -0.001 -14"><span class='ocrx_word' id='word_1_110' title='bbox 286 1360 406 1415; x_wconf 71' lang='lat' dir='ltr'>nstin,</span> <span class='ocrx_word' id='word_1_111' title='bbox 435 1359 532 1401; x_wconf 86' lang='lat' dir='ltr'>dass</span> <span class='ocrx_word' id='word_1_112' title='bbox 565 1375 613 1401; x_wconf 91' lang='lat' dir='ltr'>er</span> <span class='ocrx_word' id='word_1_113' title='bbox 642 1360 714 1401; x_wconf 89' lang='lat' dir='ltr'>ihr</span> <span class='ocrx_word' id='word_1_114' title='bbox 743 1360 883 1401; x_wconf 91' lang='lat' dir='ltr'>lieber</span> <span class='ocrx_word' id='word_1_115' title='bbox 905 1359 1091 1402; x_wconf 88' lang='lat' dir='ltr'>Gemahl</span> <span class='ocrx_word' id='word_1_116' title='bbox 1118 1359 1228 1402; x_wconf 89' lang='lat' dir='ltr'>oder</span> <span class='ocrx_word' id='word_1_117' title='bbox 1258 1359 1370 1410; x_wconf 90' lang='lat' dir='ltr'>(dass</span> <span class='ocrx_word' id='word_1_118' title='bbox 1389 1375 1437 1401; x_wconf 94' lang='lat' dir='ltr'>so</span> <span class='ocrx_word' id='word_1_119' title='bbox 1459 1359 1585 1401; x_wconf 76' lang='lat' dir='ltr'>kunf-</span> 
     </span>
     <span class='ocr_line' id='line_1_17' title="bbox 287 1432 1583 1491; baseline 0 -16"><span class='ocrx_word' id='word_1_120' title='bbox 287 1434 368 1491; x_wconf 78' lang='lat' dir='ltr'>»tig</span> <span class='ocrx_word' id='word_1_121' title='bbox 396 1432 481 1489; x_wconf 87' lang='lat' dir='ltr'>ihr)</span> <span class='ocrx_word' id='word_1_122' title='bbox 519 1434 645 1476; x_wconf 87' lang='lat' dir='ltr'>Sohn</span> <span class='ocrx_word' id='word_1_123' title='bbox 686 1435 779 1476; x_wconf 88' lang='lat' dir='ltr'>sein</span> <span class='ocrx_word' id='word_1_124' title='bbox 821 1434 1046 1477; x_wconf 73' lang='lat' dir='ltr'>mochte.«</span> <span class='ocrx_word' id='word_1_125' title='bbox 1134 1433 1224 1476; x_wconf 91' lang='lat' dir='ltr'>Sed</span> <span class='ocrx_word' id='word_1_126' title='bbox 1261 1433 1478 1477; x_wconf 81' lang='lat' dir='ltr'><strong>Pindarus</strong></span> <span class='ocrx_word' id='word_1_127' title='bbox 1520 1433 1583 1475; x_wconf 88' lang='lat' dir='ltr'>nil</span> 
     </span>
     <span class='ocr_line' id='line_1_18' title="bbox 277 1504 1582 1567; baseline -0.001 -17"><span class='ocrx_word' id='word_1_128' title='bbox 277 1508 381 1551; x_wconf 91' lang='lat' dir='ltr'>nisi:</span> <span class='ocrx_word' id='word_1_129' title='bbox 408 1504 526 1551; x_wconf 82' lang='grc' dir='ltr'><em>εἶδόν</em></span> <span class='ocrx_word' id='word_1_130' title='bbox 558 1523 610 1551; x_wconf 91' lang='grc' dir='ltr'>σε</span> <span class='ocrx_word' id='word_1_131' title='bbox 639 1507 905 1567; x_wconf 57' lang='grc' dir='ltr'><em>παρθενικαὶ</em></span> <span class='ocrx_word' id='word_1_132' title='bbox 931 1507 1175 1551; x_wconf 84' lang='grc' dir='ltr'><strong><em>καὶ-πόσιν</em></strong></span> <span class='ocrx_word' id='word_1_133' title='bbox 1205 1505 1229 1558; x_wconf 79' lang='grc' dir='ltr'>ἢ</span> <span class='ocrx_word' id='word_1_134' title='bbox 1258 1506 1366 1550; x_wconf 77' lang='grc' dir='ltr'><strong><em>υἱὸν’</em></strong></span> <span class='ocrx_word' id='word_1_135' title='bbox 1389 1504 1582 1566; x_wconf 67' lang='grc' dir='ltr'><strong>εὔχοντ’,</strong></span> 
     </span>
     <span class='ocr_line' id='line_1_19' title="bbox 278 1579 1583 1642; baseline 0.001 -18"><span class='ocrx_word' id='word_1_136' title='bbox 278 1579 310 1624; x_wconf 75' lang='lat'>03</span> <span class='ocrx_word' id='word_1_137' title='bbox 340 1583 679 1641; x_wconf 83' lang='grc' dir='ltr'><strong><em>Τελεσίκρατες,</em></strong></span> <span class='ocrx_word' id='word_1_138' title='bbox 718 1582 865 1640; x_wconf 70' lang='grc' dir='ltr'><strong><em>ἔμμεν.</em></strong></span> <span class='ocrx_word' id='word_1_139' title='bbox 939 1584 1141 1627; x_wconf 82' lang='lat' dir='ltr'>Mulieres</span> <span class='ocrx_word' id='word_1_140' title='bbox 1183 1599 1328 1642; x_wconf 90' lang='lat' dir='ltr'>neque</span> <span class='ocrx_word' id='word_1_141' title='bbox 1371 1583 1583 1626; x_wconf 86' lang='lat' dir='ltr'>admove-</span> 
     </span>
     <span class='ocr_line' id='line_1_20' title="bbox 278 1658 1584 1718; baseline -0.001 -17"><span class='ocrx_word' id='word_1_142' title='bbox 278 1659 444 1702; x_wconf 86' lang='lat' dir='ltr'>buntur</span> <span class='ocrx_word' id='word_1_143' title='bbox 472 1660 559 1703; x_wconf 86' lang='lat' dir='ltr'>ulla</span> <span class='ocrx_word' id='word_1_144' title='bbox 588 1660 677 1703; x_wconf 91' lang='lat' dir='ltr'>huc</span> <span class='ocrx_word' id='word_1_145' title='bbox 708 1660 913 1703; x_wconf 89' lang='lat' dir='ltr'>machina</span> <span class='ocrx_word' id='word_1_146' title='bbox 944 1675 1027 1703; x_wconf 88' lang='lat' dir='ltr'>nec</span> <span class='ocrx_word' id='word_1_147' title='bbox 1057 1668 1309 1718; x_wconf 82' lang='lat' dir='ltr'>praesentes</span> <span class='ocrx_word' id='word_1_148' title='bbox 1352 1674 1435 1701; x_wconf 87' lang='lat' dir='ltr'>nec</span> <span class='ocrx_word' id='word_1_149' title='bbox 1465 1658 1584 1701; x_wconf 87' lang='lat' dir='ltr'>futu-</span> 
     </span>
     <span class='ocr_line' id='line_1_21' title="bbox 279 1733 1585 1791; baseline 0 -17"><span class='ocrx_word' id='word_1_150' title='bbox 279 1747 379 1788; x_wconf 81' lang='lat' dir='ltr'>rae,</span> <span class='ocrx_word' id='word_1_151' title='bbox 430 1748 577 1791; x_wconf 87' lang='lat' dir='ltr'>neque</span> <span class='ocrx_word' id='word_1_152' title='bbox 634 1734 950 1777; x_wconf 81' lang='lat' dir='ltr'>desiderantur.</span> <span class='ocrx_word' id='word_1_153' title='bbox 1050 1735 1342 1778; x_wconf 88' lang='lat' dir='ltr'>Telesicraten</span> <span class='ocrx_word' id='word_1_154' title='bbox 1395 1733 1585 1791; x_wconf 81' lang='lat' dir='ltr'>virgines</span> 
     </span>
     <span class='ocr_line' id='line_1_22' title="bbox 283 1808 1580 1866; baseline 0 -17"><span class='ocrx_word' id='word_1_155' title='bbox 283 1808 496 1864; x_wconf 86' lang='lat' dir='ltr'>optabant</span> <span class='ocrx_word' id='word_1_156' title='bbox 520 1809 726 1850; x_wconf 86' lang='lat' dir='ltr'>maritum</span> <span class='ocrx_word' id='word_1_157' title='bbox 757 1810 826 1851; x_wconf 87' lang='lat' dir='ltr'>vel</span> <span class='ocrx_word' id='word_1_158' title='bbox 855 1809 996 1851; x_wconf 88' lang='lat' dir='ltr'>filium</span> <span class='ocrx_word' id='word_1_159' title='bbox 1028 1824 1120 1852; x_wconf 89' lang='lat' dir='ltr'>esse</span> <span class='ocrx_word' id='word_1_160' title='bbox 1145 1824 1286 1852; x_wconf 88' lang='lat' dir='ltr'>suum.</span> <span class='ocrx_word' id='word_1_161' title='bbox 1336 1809 1580 1866; x_wconf 90' lang='lat' dir='ltr'>Utrumque</span> 
     </span>
     <span class='ocr_line' id='line_1_23' title="bbox 290 1883 1580 1941; baseline 0.002 -19"><span class='ocrx_word' id='word_1_162' title='bbox 290 1889 457 1923; x_wconf 58' lang='lat' dir='ltr'>votum&lt;</span> <span class='ocrx_word' id='word_1_163' title='bbox 471 1883 516 1923; x_wconf 90' lang='lat' dir='ltr'>iu</span> <span class='ocrx_word' id='word_1_164' title='bbox 532 1883 783 1924; x_wconf 88' lang='lat' dir='ltr'>universum</span> <span class='ocrx_word' id='word_1_165' title='bbox 802 1883 1030 1925; x_wconf 85' lang='lat' dir='ltr'>muliebre.</span> <span class='ocrx_word' id='word_1_166' title='bbox 1073 1883 1225 1941; x_wconf 87' lang='lat' dir='ltr'>Neque</span> <span class='ocrx_word' id='word_1_167' title='bbox 1246 1898 1373 1940; x_wconf 75' lang='lat' dir='ltr'>opus,</span> <span class='ocrx_word' id='word_1_168' title='bbox 1399 1892 1448 1925; x_wconf 82' lang='lat' dir='ltr'>ut</span> <span class='ocrx_word' id='word_1_169' title='bbox 1457 1883 1580 1940; x_wconf 84' lang='lat' dir='ltr'>virgo</span> 
     </span>
     <span class='ocr_line' id='line_1_24' title="bbox 284 1955 1584 2015; baseline 0.001 -18"><span class='ocrx_word' id='word_1_170' title='bbox 284 1956 443 1997; x_wconf 91' lang='lat' dir='ltr'>mulier</span> <span class='ocrx_word' id='word_1_171' title='bbox 472 1955 549 1997; x_wconf 86' lang='lat' dir='ltr'>fiat</span> <span class='ocrx_word' id='word_1_172' title='bbox 578 1957 645 1998; x_wconf 86' lang='lat' dir='ltr'>vel</span> <span class='ocrx_word' id='word_1_173' title='bbox 681 1955 737 1998; x_wconf 91' lang='lat' dir='ltr'>de</span> <span class='ocrx_word' id='word_1_174' title='bbox 779 1956 925 1999; x_wconf 86' lang='lat' dir='ltr'>futuro</span> <span class='ocrx_word' id='word_1_175' title='bbox 952 1955 1165 2014; x_wconf 65' lang='lat' dir='ltr'>tempore</span> <span class='ocrx_word' id='word_1_176' title='bbox 1205 1957 1385 2015; x_wconf 63' lang='lat' dir='ltr'>cogitet⁴</span> <span class='ocrx_word' id='word_1_177' title='bbox 1405 1956 1462 2000; x_wconf 90' lang='lat' dir='ltr'>ad</span> <span class='ocrx_word' id='word_1_178' title='bbox 1496 1957 1584 1999; x_wconf 83' lang='lat' dir='ltr'>tale</span> 
     </span>
     <span class='ocr_line' id='line_1_25' title="bbox 283 2029 1586 2079; baseline 0.002 -7"><span class='ocrx_word' id='word_1_179' title='bbox 283 2039 436 2073; x_wconf 84' lang='lat' dir='ltr'>votum</span> <span class='ocrx_word' id='word_1_180' title='bbox 468 2029 603 2073; x_wconf 89' lang='lat' dir='ltr'>corde</span> <span class='ocrx_word' id='word_1_181' title='bbox 631 2031 931 2079; x_wconf 81' lang='lat' dir='ltr'>vo&#39;lutandum.</span> <span class='ocrx_word' id='word_1_182' title='bbox 1008 2033 1190 2075; x_wconf 86' lang='lat' dir='ltr'>Poetam</span> <span class='ocrx_word' id='word_1_183' title='bbox 1222 2040 1368 2075; x_wconf 89' lang='lat' dir='ltr'>autem</span> <span class='ocrx_word' id='word_1_184' title='bbox 1400 2030 1586 2074; x_wconf 85' lang='lat' dir='ltr'>decebat</span> 
     </span>
     <span class='ocr_line' id='line_1_26' title="bbox 282 2101 1585 2166; baseline 0.002 -18"><span class='ocrx_word' id='word_1_185' title='bbox 282 2101 366 2149; x_wconf 73' lang='lat' dir='ltr'>hie&#39;</span> <span class='ocrx_word' id='word_1_186' title='bbox 400 2114 443 2149; x_wconf 93' lang='lat' dir='ltr'>et</span> <span class='ocrx_word' id='word_1_187' title='bbox 484 2107 651 2165; x_wconf 84' lang='lat' dir='ltr'>puellas</span> <span class='ocrx_word' id='word_1_188' title='bbox 691 2115 862 2150; x_wconf 85' lang='lat' dir='ltr'>tautum</span> <span class='ocrx_word' id='word_1_189' title='bbox 903 2108 1134 2152; x_wconf 84' lang='lat' dir='ltr'>nominare</span> <span class='ocrx_word' id='word_1_190' title='bbox 1166 2116 1220 2151; x_wconf 85' lang='lat' dir='ltr'>et</span> <span class='ocrx_word' id='word_1_191' title='bbox 1264 2107 1444 2166; x_wconf 85' lang='lat' dir='ltr'>copiose</span> <span class='ocrx_word' id='word_1_192' title='bbox 1483 2115 1585 2152; x_wconf 80' lang='lat' dir='ltr'>vota</span> 
     </span>
     <span class='ocr_line' id='line_1_27' title="bbox 284 2182 865 2238; baseline 0.003 -16"><span class='ocrx_word' id='word_1_193' title='bbox 284 2183 573 2238; x_wconf 87' lang='lat' dir='ltr'>spectantium</span> <span class='ocrx_word' id='word_1_194' title='bbox 602 2182 865 2225; x_wconf 89' lang='lat' dir='ltr'>describere.</span> 
     </span>
    </p>
   </div>
   <div class='ocr_carea' id='block_1_3' title="bbox 800 2315 1052 2362">
    <p class='ocr_par' dir='ltr' id='par_1_3' title="bbox 800 2315 1052 2362">
     <span class='ocr_line' id='line_1_28' title="bbox 800 2315 1052 2362; baseline 0.012 -10"><span class='ocrx_word' id='word_1_195' title='bbox 800 2315 959 2362; x_wconf 77' lang='lat' dir='ltr'>Pyth.</span> <span class='ocrx_word' id='word_1_196' title='bbox 991 2316 1052 2355; x_wconf 78' lang='lat' dir='ltr'>X.</span> 
     </span>
    </p>
   </div>
   <div class='ocr_carea' id='block_1_4' title="bbox 281 2407 1583 2621">
    <p class='ocr_par' dir='ltr' id='par_1_4' title="bbox 281 2407 1583 2621">
     <span class='ocr_line' id='line_1_29' title="bbox 398 2407 1582 2470; baseline -0.003 -18"><span class='ocrx_word' id='word_1_197' title='bbox 398 2411 594 2452; x_wconf 84' lang='lat' dir='ltr'>Primum</span> <span class='ocrx_word' id='word_1_198' title='bbox 626 2413 673 2452; x_wconf 84' lang='lat' dir='ltr'>in</span> <span class='ocrx_word' id='word_1_199' title='bbox 708 2426 744 2453; x_wconf 90' lang='lat' dir='ltr'>v.</span> <span class='ocrx_word' id='word_1_200' title='bbox 764 2408 792 2452; x_wconf 75' lang='grc'>4</span> <span class='ocrx_word' id='word_1_201' title='bbox 822 2408 872 2452; x_wconf 84' lang='grc' dir='ltr'>τί</span> <span class='ocrx_word' id='word_1_202' title='bbox 900 2411 1073 2467; x_wconf 81' lang='grc' dir='ltr'><strong><em>κομπέω</em></strong></span> <span class='ocrx_word' id='word_1_203' title='bbox 1098 2411 1221 2470; x_wconf 75' lang='grc' dir='ltr'><strong><em>παρὰ</em></strong></span> <span class='ocrx_word' id='word_1_204' title='bbox 1252 2408 1429 2470; x_wconf 65' lang='grc' dir='ltr'><strong><em>καιρόνς</em></strong></span> <span class='ocrx_word' id='word_1_205' title='bbox 1462 2407 1582 2451; x_wconf 82' lang='grc' dir='ltr'>α’λλά</span> 
     </span>
     <span class='ocr_line' id='line_1_30' title="bbox 281 2487 1582 2546; baseline 0.002 -23"><span class='ocrx_word' id='word_1_206' title='bbox 281 2499 331 2537; x_wconf 85' lang='grc' dir='ltr'>με</span> <span class='ocrx_word' id='word_1_207' title='bbox 358 2487 495 2526; x_wconf 58' lang='grc' dir='ltr'>Πυθώ</span> <span class='ocrx_word' id='word_1_208' title='bbox 528 2495 609 2528; x_wconf 86' lang='lat' dir='ltr'>etc.</span> <span class='ocrx_word' id='word_1_209' title='bbox 657 2487 969 2545; x_wconf 85' lang='lat' dir='ltr'>cogitationem</span> <span class='ocrx_word' id='word_1_210' title='bbox 1008 2495 1166 2546; x_wconf 87' lang='lat' dir='ltr'>poetae</span> <span class='ocrx_word' id='word_1_211' title='bbox 1198 2488 1458 2546; x_wconf 85' lang='lat' dir='ltr'>interpretes</span> <span class='ocrx_word' id='word_1_212' title='bbox 1489 2498 1582 2528; x_wconf 88' lang='lat' dir='ltr'>non</span> 
     </span>
     <span class='ocr_line' id='line_1_31' title="bbox 283 2561 1583 2621; baseline 0.002 -21"><span class='ocrx_word' id='word_1_213' title='bbox 283 2562 462 2605; x_wconf 85' lang='lat' dir='ltr'>assecuti</span> <span class='ocrx_word' id='word_1_214' title='bbox 494 2570 607 2606; x_wconf 87' lang='lat' dir='ltr'>sunt.</span> <span class='ocrx_word' id='word_1_215' title='bbox 670 2563 962 2608; x_wconf 86' lang='lat' dir='ltr'>Hcrmannus:</span> <span class='ocrx_word' id='word_1_216' title='bbox 1004 2562 1134 2621; x_wconf 79' lang='lat' dir='ltr'>»quid</span> <span class='ocrx_word' id='word_1_217' title='bbox 1167 2572 1230 2606; x_wconf 87' lang='lat' dir='ltr'>est</span> <span class='ocrx_word' id='word_1_218' title='bbox 1261 2561 1387 2621; x_wconf 88' lang='lat' dir='ltr'>quod</span> <span class='ocrx_word' id='word_1_219' title='bbox 1415 2568 1583 2603; x_wconf 83' lang='lat' dir='ltr'>temere</span> 
     </span>
    </p>
   </div>
  </div>
 </body>
</html>
