1783 3070
668 263 966 305 ...33—

171 378 334 421 Tarelio
367 380 453 421 iam
485 378 722 423 indicatum
755 396 846 424 non
876 380 1170 437 addidissem,
1201 379 1284 422 nisi
1317 379 1389 423 ille
1416 379 1473 423 ad

158 442 321 497 'falsam
353 469 474 496 suam
511 471 656 498 versus
695 458 782 499 263
815 457 1151 512 explicationem
1178 463 1473 512 provocasset.

171 551 229 564 ·-—·
257 530 461 574 Ceterum
493 529 550 573 de
581 530 686 588 ipsis
712 530 978 588 aenigmatis,
1000 546 1117 589 quae
1135 545 1256 574 nunc
1279 545 1476 587 sequun—

176 613 248 649 tur
276 620 415 663 usque
446 605 503 648 ad
533 605 670 647 finem
699 605 920 662 carminis,
958 606 1042 648 alio
1074 607 1174 647 loco
1217 613 1477 663 exponetur.

703 732 853 781 Pyth.
880 734 940 773 V.

296 829 393 873 Tria
427 830 474 872 in
504 828 594 871 hoc
623 829 815 872 carmine
842 837 1017 889 tangam
1049 837 1100 873 ut
1127 830 1369 889 potissima.
1418 831 1479 875 Ac

168 908 371 964 ⁴primum
402 904 459 948 de
490 920 528 947 v.
560 905 587 948 6
618 919 742 962 seqq.
789 905 848 946 σὺ
888 902 963 946 τοί
1008 921 1075 947 νιν
1121 906 1286 954 κλυτᾶς
1329 908 1483 954 αἰῶνος

177 981 318 1038 ἀκρᾶν
348 975 579 1037 βαθμίδων
610 975 697 1020 ἄπο
729 979 813 1021 σὺν
847 976 1022 1037 εὐδοξίᾳ
1061 979 1361 1035 μετανίσσεαι
1401 990 1483 1024 etc.

177 1070 288 1113 quas
306 1054 394 1096 vidi
406 1054 713 1111 explicationes
723 1056 790 1096 vel
805 1055 1093 1110 coniecturas,
1105 1070 1182 1097 eae
1197 1071 1290 1097 non
1306 1064 1422 1098 recte
1435 1072 1482 1098 se

175 1130 353 1172 habent.
388 1129 568 1172 Plurimi
588 1129 901 1188 intelligebant,
912 1128 1177 1172 Arcesilaum
1189 1130 1294 1173 inde
1306 1132 1361 1173 ab
1382 1132 1483 1173 imis

174 1206 287 1248 vitae
303 1204 509 1262 gradibus
526 1205 555 1246 i.
575 1219 613 1246 e.
630 1219 656 1246 a
682 1204 871 1261 pueritia
892 1203 1063 1245 divitias
1079 1219 1178 1246 cum
1191 1204 1329 1261 gloria
1345 1220 1483 1262 quae-

173 1281 335 1324 sivisse.
360 1278 438 1322 Cui
452 1279 692 1321 sententiae
701 1278 945 1320 Boeckhius
956 1287 1130 1335 praeter
1144 1279 1227 1321 alia
1237 1279 1326 1321 hoc
1340 1295 1486 1337 oppo-

177 1356 284 1397 suit:
295 1352 432 1412 ἄκρας
442 1349 671 1409 βαθμίδας
686 1367 779 1394 non
792 1352 970 1398 infimos
984 1352 1142 1409 gradus
1154 1368 1261 1408 esse,
1272 1353 1351 1395 sed
1368 1369 1489 1396 sum-

174 1444 288 1472 mos.
333 1428 427 1485 Ipse
453 1441 505 1469 ex
532 1426 760 1469 codicibus
782 1427 1004 1468 nonnullis
1022 1427 1173 1467 τοίνυν
1196 1436 1318 1469 tenet
1342 1430 1410 1469 vel
1431 1430 1491 1468 σύ

178 1519 252 1546 τοι
272 1506 350 1546 νῦν
364 1503 618 1545 hoc-sensu:
648 1509 715 1543 »tu
728 1500 846 1544 redis
861 1516 1033 1544 summa
1050 1516 1151 1544 cum
1171 1502 1310 1560 gloria
1330 1518 1355 1544 a
1374 1518 1493 1545 sum-

191 1580 295 1621 »mis
310 1579 464 1621 beatae
480 1577 594 1620 vitae
605 1576 781 1634 fastigiis
795 1577 822 1618 i.
838 1592 919 1618 esa
931 1577 1112 1634 Pythica
1123 1577 1339 1619 victoria.«
1381 1577 1494 1631 Qui-

178 1654 262 1700 bus
280 1653 501 1695 Dissenius
516 1667 618 1694 cum
636 1651 799 1694 Tafelio
825 1659 942 1693 recte
966 1652 1193 1708 opposuit:
1226 1651 1491 1694 Arcesilaum

179 1729 300 1770 nullo
323 1726 461 1769 modo
490 1726 577 1768 dici
609 1740 737 1783 posse
756 1725 901 1767 redire
932 1740 958 1767 a
976 1726 1154 1782 pythica
1169 1726 1364 1768 victoria.
1405 1727 1491 1784 Ipsi

178 1802 369 1844 redeunt
375 1801 438 1844 -ad
444 1802 663 1859 vulgarem
674 1800 1025 1858 explicationem.
1046 1801 1197 1858 Itaque
1210 1816 1368 1843 novam
1382 1817 1491 1860 pro-

178 1892 344 1934 ponam
375 1877 799 1933 interpretationem.
865 1876 932 1915 Σὺ
965 1874 1039 1916 τοί
1068 1891 1135 1917 νιν
1159 1876 1254 1926 (τὸν
1282 1874 1494 1929 πλοῦτον)

176 1952 344 2000 ,κλυτᾶς
365 1952 518 1999 αἰῶνος
549 1948 692 2008 α’κρᾶν
724 1947 957 2009 βαθμίδων
991 1947 1079 1992 ἄπο
1114 1952 1183 2003 (ab
1214 1952 1367 1995 aetatis
1392 1960 1493 1996 tuae

182 2029 360 2071 inclitae
390 2027 572 2069 summis
602 2026 809 2084 gradibus
827 2027 871 2069 h.
886 2042 924 2068 e.
944 2041 1091 2084 neque
1122 2028 1311 2083 pueritia
1344 2043 1491 2084 neque

179 2102 361 2145 victoria
399 2102 601 2160 pythica‚
639 2100 717 2143 sed
757 2101 994 2159 imperium
1034 2103 1326 2160 cyrenaicum.
1396 2103 1519 2159 Hoc¹

181 2177 311 2219 dicit:
345 2177 452 2218 inde⁴
478 2191 503 2217 a
533 2185 750 2232 tempore,
781 2190 872 2231 quo
905 2176 962 2227 ad
987 2176 1223 2233 imperium
1245 2175 1489 2218 ascendisti.

182 2250 284 2306 Quo
307 2252 413 2310 vipso
450 2260 653 2309 tempore
683 2249 766 2293 τὸν
804 2250 1003 2293 πλοῦτον
1033 2251 1270 2294 Arcesilaus
1307 2250 1488 2307 πότμου

180 2324 459 2385 παραδόντος
512 2326 692 2382 accepit.
770 2325 909 2382 Quod
958 2341 1057 2368 cum
1107 2333 1273 2368 certum
1315 2326 1363 2369 in
1399 2328 1486 2369 vita

182 2402 274 2445 eius
292 2409 476 2457 :tempus
508 2400 577 2456 sit,
604 2408 737 2457 poeta
766 2400 889 2442 brevi
917 2400 1111 2456 sortique
1141 2401 1355 2457 elegantia
1386 2417 1488 2443 usus

183 2493 274 2520 non
303 2477 444 2525 solum
474 2491 568 2517 non
604 2474 731 2517 dixit:
764 2474 868 2516 inde
905 2476 961 2516 ab
992 2489 1171 2517 ascensu
1210 2490 1485 2518 summorum

182 2551 410 2612 graduum,
438 2549 516 2593 sed
544 2551 687 2608 ipsum
720 2548 826 2591 illud
856 2548 996 2608 ἀκρᾶν
1027 2546 1259 2606 βαθμίδων
1286 2542 1397 2602 ἄπο,
1430 2551 1487 2594 de

188 2629 392 2687 gradibus
422 2627 505 2669 illis
533 2633 583 2668 ut
609 2625 666 2669 de
695 2633 896 2683 tempore
926 2624 1109 2668 locutus.
1172 2623 1280 2668 Inde
1313 2626 1369 2668 ab
1401 2627 1491 2670 hoc

1218 2703 1244 2744 3
