1783 3070
774 214 1069 259 ...34-

272 340 439 399 igitur,⁴
459 341 629 399 inquit,
666 348 867 398 tempore
897 336 980 379 τὸν
1017 335 1237 386 πλοῦτον)
1282 334 1367 378 σὺν
1398 330 1575 391 εὐδοξίᾳ

266 415 562 471 μετανίσσεαι
606 413 731 457 ἕκατι
763 412 1087 473 χρυσαρμάτου
1114 410 1368 468 Κάστορος,
1408 407 1454 459 ὃς
1491 418 1572 452 etc.

270 493 405 548 (quae
437 507 555 534 nunc
587 492 755 548 optime
786 506 831 533 se
868 490 1058 544 habent,
1094 487 1140 530 in
1176 486 1340 544 vulgari
1384 486 1572 544 explica-

267 567 390 608 tione
422 582 512 608 non
545 574 663 608 recte
694 559 1019 623 sequebantur).

385 641 556 683 Deinde
588 642 636 683 in
669 641 850 698 stropha
881 638 1073 682 secunda
1103 652 1275 680 sensum
1310 636 1568 678 verborum:

263 719 314 758 σὲ
348 713 387 757 δ’
415 716 656 775 ἐρχόμενον
682 714 726 758 ἒν
763 712 867 772 δίκᾳ
902 714 1039 762 πολὺς
1074 710 1202 771 ὄλβος
1240 706 1566 770 ἀμφινέμεται·

259 792 315 833 τὸ
346 793 440 847 μὲν,
468 789 542 832 ὅτι
569 791 776 847 βασιλεὺς
806 787 908 831 ἐσσὶ
935 790 1130 845 μεγαλᾶν
1152 786 1329 839 πολίων,
1357 783 1449 843 ἕχει
1466 800 1570 840 συγ-

259 867 377 923 γενὴς
409 866 653 923 ὀφθαλμὸς
681 862 974 906 αἰδοιότατον
1004 861 1131 922 γέρας
1151 861 1233 919 τεᾷ
1263 859 1398 917 τοῦτο
1419 858 1569 916 μιγνύ-

258 956 391 995 μενον
431 938 560 997 φρενί
605 940 866 995 interpretes
921 953 1013 979 non
1049 937 1260 980 videbant
1303 951 1379 978 sua
1425 937 1566 992 culpa,

258 1016 425 1072 quippe
475 1014 811 1055 collocationem
860 1013 1097 1054 verborum
1148 1012 1431 1068 pertinaciter
1475 1025 1567 1052 non

257 1089 498 1131 audientes.
562 1087 777 1130 Pindarus
814 1087 902 1128 hoc
941 1085 1068 1127 dicit:
1108 1092 1153 1126 te
1191 1079 1348 1142 magna
1387 1085 1567 1126 felicitas

257 1164 512 1206 circumdat.
558 1163 771 1217 Primum,
799 1162 904 1219 quia
931 1176 1005 1203 rex
1027 1175 1071 1202 es
1092 1172 1347 1217 magnarum
1371 1160 1565 1215 urbium-9

258 1240 431 1280 innatus
462 1237 672 1295 splendor
701 1235 1122 1279 venerandissimum
1163 1235 1299 1276 habet
1326 1234 1447 1276 hune
1478 1233 1564 1275 ho-

255 1329 410 1355 norem
437 1320 537 1355 tuae
569 1313 753 1355 mixtum
791 1312 944 1353 menti.
1015 1310 1189 1365 Quibus
1229 1318 1362 1367 poeta
1387 1310 1469 1351 tria
1486 1324 1564 1351 co—

255 1390 379 1445 piose
411 1388 670 1429 cumulavit:
704 1387 896 1444 primum
930 1382 1144 1442 εύγένειαν
1175 1386 1256 1427 viri
1300 1393 1405 1426 natu
1436 1384 1563 1425 ideo·—

257 1478 345 1519 que
397 1463 485 1504 oris
531 1463 761 1504 honestate
806 1461 1068 1503 nobilissimi
1119 1461 1338 1516 (συγγενὴς
1384 1460 1564 1518 ὀφθαλ-

254 1535 375 1593 μός)5
409 1536 513 1578 dein
543 1537 706 1594 regiam
738 1535 1019 1594 dignitatem3
1066 1534 1261 1593 denique
1304 1535 1561 1593 dignitatem

252 1612 368 1652 hanc
398 1612 563 1668 ingenii
595 1611 773 1653 dotibus
801 1619 971 1653 auctam
1001 1608 1310 1661 (αἰδοιότατον
1330 1609 1458 1668 γέρας
1479 1613 1563 1666 τεᾷ

252 1682 388 1725 τοῦτο
422 1684 681 1741 μιγνύμενον
710 1684 871 1742 φρενί).

375 1761 578 1817 Denique
607 1769 781 1817 tangam
808 1776 848 1803 v.
867 1764 928 1818 ,72
952 1776 1078 1818 seqq.
1110 1760 1166 1802 τὸ
1199 1757 1238 1802 δ’
1268 1758 1374 1816 ἐμὸν
1404 1759 1561 1801 -πό-

254 1834 338 1876 λιν.
400 1838 448 1879 ln
477 1850 567 1891 quo
599 1835 699 1876 loco
731 1843 831 1876 ante
877 1835 1027 1877 omnia
1069 1835 1179 1876 mihi
1207 1836 1337 1877 liceat
1376 1843 1419 1877 et
1453 1835 1559 1877 Her-

256 1908 408 1949 manni
439 1916 482 1949 et
511 1908 720 1949 Boeckhii
746 1923 926 1964 operam
959 1908 1149 1949 laudare.
1192 1908 1363 1950 Deinde
1379 1908 1561 1951 addere:

256 1996 408 2024 verum
444 1996 469 2024 a
499 1989 655 2024 neutro
698 1983 924 2024 inventum
966 1997 1069 2024 esse.
1143 1982 1280 2040 Quod
1322 1991 1372 2025 ut
1416 1982 1562 2025 dicam

257 2058 353 2114 cogi
384 2057 495 2098 mihi
516 2057 671 2099 videor
696 2058 791 2114 ipsa
815 2058 1012 2102 veritate..
1073 2057 1227 2113 Locus,
1258 2058 1447 2115 inquies,
1477 2073 1578 2100 no-·

256 2132 323 2172 bis
351 2130 621 2189 desperatus,
652 2122 754 2174 nam
786 2146 875 2188 reS,
907 2147 1020 2190 quae
1050 2140 1312 2190 tanguntur,
1343 2132 1561 2190 incertae3

256 2220 306 2246 ex
339 2218 525 2262 quarum
552 2207 760 2248 varietate
775 2208 842 2248 vel
872 2216 1111 2250 structurae
1138 2201 1558 2265 coniunctionisque

253 2280 489 2325 verborum
520 2282 753 2325 necessitas
787 2281 966 2326 diversa.
1041 2282 1113 2326 Est
1154 2291 1303 2326 tamen
1342 2283 1484 2326 etiam·
1511 2282 1558 2325 in

253 2356 340 2397 hoc
371 2357 497 2412 loco,
529 2358 654 2414 quod
686 2359 976 2400 necessarium
1018 2359 1129 2400 mihi
1170 2374 1251 2416 per
1289 2360 1383 2415 ipsa
1419 2358 1557 2399 >verba

251 2430 435 2488 videtur,
463 2447 513 2474 ex
546 2441 635 2490 quo
668 2432 811 2489 simul,
842 2448 956 2492 quae
984 2433 1031 2476 in
1061 2434 1192 2476 rebus
1223 2432 1359 2476 dubia
1374 2432 1556 2476 videan-

251 2513 339 2560 tur,
367 2507 476 2548 mihi
505 2508 739 2549 constituo.
1451 2502 1453 2504 ’

368 2581 426 2621 Ac
468 2582 661 2639 primum
702 2583 835 2626 verba
880 2583 936 2624 τὸ
979 2579 1020 2624 δ’
1064 2580 1172 2638 ἐμὸν
1212 2579 1421 2638 γαρύοντ’
1462 2579 1550 2623 ofertox
