<?xml version="1.0" encoding="UTF-8"?>
<!DOCTYPE html PUBLIC "-//W3C//DTD XHTML 1.0 Transitional//EN"
    "http://www.w3.org/TR/xhtml1/DTD/xhtml1-transitional.dtd">
<html xmlns="http://www.w3.org/1999/xhtml" xml:lang="en" lang="en">
 <head>
  <title>
</title>
<meta http-equiv="Content-Type" content="text/html;charset=utf-8" />
  <meta name='ocr-system' content='tesseract 3.04.00' />
  <meta name='ocr-capabilities' content='ocr_page ocr_carea ocr_par ocr_line ocrx_word'/>
</head>
<body>
  <div class='ocr_page' id='page_1' title='image "4630637_0015.png"; bbox 0 0 1783 3070; ppageno 0'>
   <div class='ocr_carea' id='block_1_1' title="bbox 662 220 965 284">
    <p class='ocr_par' dir='ltr' id='par_1_1' title="bbox 662 220 965 284">
     <span class='ocr_line' id='line_1_1' title="bbox 662 220 965 284; baseline -0.003 0"><span class='ocrx_word' id='word_1_1' title='bbox 662 220 965 284; x_wconf 74' lang='lat'>.-5—</span> 
     </span>
    </p>
   </div>
   <div class='ocr_carea' id='block_1_2' title="bbox 172 330 1496 2508">
    <p class='ocr_par' dir='ltr' id='par_1_2' title="bbox 182 330 1496 888">
     <span class='ocr_line' id='line_1_2' title="bbox 183 330 1492 394; baseline -0.001 -17"><span class='ocrx_word' id='word_1_2' title='bbox 183 333 417 390; x_wconf 79' lang='grc' dir='ltr'><em>ἐκόμισαν,</em></span> <span class='ocrx_word' id='word_1_3' title='bbox 445 330 619 379; x_wconf 86' lang='lat' dir='ltr'>necesse</span> <span class='ocrx_word' id='word_1_4' title='bbox 650 345 714 380; x_wconf 84' lang='lat' dir='ltr'>est</span> <span class='ocrx_word' id='word_1_5' title='bbox 742 345 792 380; x_wconf 84' lang='lat' dir='ltr'>ut</span> <span class='ocrx_word' id='word_1_6' title='bbox 824 332 938 394; x_wconf 74' lang='grc' dir='ltr'><em>σφὶν</em></span> <span class='ocrx_word' id='word_1_7' title='bbox 968 339 1208 380; x_wconf 81' lang='lat' dir='ltr'>commune</span> <span class='ocrx_word' id='word_1_8' title='bbox 1245 333 1303 378; x_wconf 82' lang='lat' dir='ltr'>sit</span> <span class='ocrx_word' id='word_1_9' title='bbox 1341 337 1402 391; x_wconf 79' lang='grc' dir='ltr'>τῷ</span> <span class='ocrx_word' id='word_1_10' title='bbox 1431 333 1492 377; x_wconf 86' lang='grc' dir='ltr'>τὰ</span> 
     </span>
     <span class='ocr_line' id='line_1_3' title="bbox 184 416 1494 479; baseline 0 -18"><span class='ocrx_word' id='word_1_11' title='bbox 184 419 304 461; x_wconf 83' lang='grc' dir='ltr'><em>καλὰ</em></span> <span class='ocrx_word' id='word_1_12' title='bbox 334 416 435 478; x_wconf 72' lang='grc' dir='ltr'><em>ἔργα</em></span> <span class='ocrx_word' id='word_1_13' title='bbox 477 429 520 463; x_wconf 84' lang='lat' dir='ltr'>et</span> <span class='ocrx_word' id='word_1_14' title='bbox 548 420 610 478; x_wconf 75' lang='grc' dir='ltr'>τῷ</span> <span class='ocrx_word' id='word_1_15' title='bbox 646 423 865 477; x_wconf 80' lang='grc' dir='ltr'><em>ἐκόμισαν</em></span> <span class='ocrx_word' id='word_1_16' title='bbox 875 449 888 472; x_wconf 79' lang='grc'><em>,</em></span> <span class='ocrx_word' id='word_1_17' title='bbox 928 435 1074 479; x_wconf 87' lang='lat' dir='ltr'>neque</span> <span class='ocrx_word' id='word_1_18' title='bbox 1114 422 1237 464; x_wconf 85' lang='lat' dir='ltr'>locus</span> <span class='ocrx_word' id='word_1_19' title='bbox 1280 428 1345 462; x_wconf 86' lang='lat' dir='ltr'>est</span> <span class='ocrx_word' id='word_1_20' title='bbox 1385 419 1494 461; x_wconf 87' lang='lat' dir='ltr'>alius</span> 
     </span>
     <span class='ocr_line' id='line_1_4' title="bbox 187 502 1496 565; baseline -0.002 -17"><span class='ocrx_word' id='word_1_21' title='bbox 187 505 311 548; x_wconf 79' lang='lat' dir='ltr'>euius</span> <span class='ocrx_word' id='word_1_22' title='bbox 342 520 477 564; x_wconf 84' lang='lat' dir='ltr'>opera</span> <span class='ocrx_word' id='word_1_23' title='bbox 514 505 717 549; x_wconf 82' lang='lat' dir='ltr'>dieantur</span> <span class='ocrx_word' id='word_1_24' title='bbox 754 505 1008 564; x_wconf 81' lang='lat' dir='ltr'>cuiuspiam.</span> <span class='ocrx_word' id='word_1_25' title='bbox 1071 506 1128 548; x_wconf 83' lang='grc' dir='ltr'>Οἱ</span> <span class='ocrx_word' id='word_1_26' title='bbox 1163 502 1496 565; x_wconf 69' lang='grc' dir='ltr'><em>’παροιχόμενοι</em></span> 
     </span>
     <span class='ocr_line' id='line_1_5' title="bbox 186 585 1496 647; baseline 0.001 -18"><span class='ocrx_word' id='word_1_27' title='bbox 186 585 340 646; x_wconf 82' lang='grc' dir='ltr'><em>ἄνδρες</em></span> <span class='ocrx_word' id='word_1_28' title='bbox 376 598 500 647; x_wconf 78' lang='lat' dir='ltr'>sunt,</span> <span class='ocrx_word' id='word_1_29' title='bbox 543 603 657 647; x_wconf 84' lang='lat' dir='ltr'>quos</span> <span class='ocrx_word' id='word_1_30' title='bbox 686 589 819 631; x_wconf 82' lang='lat' dir='ltr'>verba</span> <span class='ocrx_word' id='word_1_31' title='bbox 862 589 1038 647; x_wconf 82' lang='lat' dir='ltr'>dicunt,</span> <span class='ocrx_word' id='word_1_32' title='bbox 1083 590 1291 632; x_wconf 86' lang='lat' dir='ltr'>homines</span> <span class='ocrx_word' id='word_1_33' title='bbox 1321 589 1496 647; x_wconf 81' lang='lat' dir='ltr'><strong>priores</strong></span> 
     </span>
     <span class='ocr_line' id='line_1_6' title="bbox 185 674 1493 733; baseline -0.001 -16"><span class='ocrx_word' id='word_1_34' title='bbox 185 674 230 717; x_wconf 86' lang='lat' dir='ltr'>h.</span> <span class='ocrx_word' id='word_1_35' title='bbox 266 689 304 717; x_wconf 76' lang='lat' dir='ltr'>e·</span> <span class='ocrx_word' id='word_1_36' title='bbox 335 683 511 732; x_wconf 80' lang='lat' dir='ltr'>tempus</span> <span class='ocrx_word' id='word_1_37' title='bbox 535 674 836 731; x_wconf 83' lang='lat' dir='ltr'>praeteritum,</span> <span class='ocrx_word' id='word_1_38' title='bbox 856 689 906 718; x_wconf 85' lang='lat' dir='ltr'>ae</span> <span class='ocrx_word' id='word_1_39' title='bbox 922 674 1122 733; x_wconf 85' lang='lat' dir='ltr'>pendent</span> <span class='ocrx_word' id='word_1_40' title='bbox 1137 690 1169 717; x_wconf 69' lang='grc' dir='ltr'><strong>ε</strong></span> <span class='ocrx_word' id='word_1_41' title='bbox 1198 675 1359 730; x_wconf 82' lang='lat' dir='ltr'>verbis,</span> <span class='ocrx_word' id='word_1_42' title='bbox 1376 687 1493 732; x_wconf 88' lang='lat' dir='ltr'>quae</span> 
     </span>
     <span class='ocr_line' id='line_1_7' title="bbox 182 753 1491 818; baseline -0.002 -17"><span class='ocrx_word' id='word_1_43' title='bbox 182 756 453 818; x_wconf 58' lang='lat' dir='ltr'>sequuntur?</span> <span class='ocrx_word' id='word_1_44' title='bbox 477 753 623 799; x_wconf 79' lang='grc' dir='ltr'><em>αόιδοὶ</em></span> <span class='ocrx_word' id='word_1_45' title='bbox 655 756 731 799; x_wconf 88' lang='grc' dir='ltr'>καὶ</span> <span class='ocrx_word' id='word_1_46' title='bbox 762 757 895 815; x_wconf 69' lang='grc' dir='ltr'><em>λόγοι.</em></span> <span class='ocrx_word' id='word_1_47' title='bbox 959 757 1085 813; x_wconf 83' lang='lat' dir='ltr'><strong>Quae</strong></span> <span class='ocrx_word' id='word_1_48' title='bbox 1106 754 1200 817; x_wconf 79' lang='lat' dir='ltr'>ip&#39;sa</span> <span class='ocrx_word' id='word_1_49' title='bbox 1224 758 1287 801; x_wconf 89' lang='lat' dir='ltr'>sic</span> <span class='ocrx_word' id='word_1_50' title='bbox 1308 756 1491 800; x_wconf 89' lang='lat' dir='ltr'>demum</span> 
     </span>
     <span class='ocr_line' id='line_1_8' title="bbox 185 843 1180 888; baseline 0 -3"><span class='ocrx_word' id='word_1_51' title='bbox 185 858 289 887; x_wconf 89' lang='lat' dir='ltr'>sana</span> <span class='ocrx_word' id='word_1_52' title='bbox 321 851 423 886; x_wconf 84' lang='lat' dir='ltr'>sunt</span> <span class='ocrx_word' id='word_1_53' title='bbox 453 843 513 886; x_wconf 87' lang='lat' dir='ltr'>ita</span> <span class='ocrx_word' id='word_1_54' title='bbox 543 851 587 886; x_wconf 77' lang='lat' dir='ltr'>et</span> <span class='ocrx_word' id='word_1_55' title='bbox 617 844 850 887; x_wconf 78' lang='lat' dir='ltr'>coniuncta</span> <span class='ocrx_word' id='word_1_56' title='bbox 881 853 924 888; x_wconf 87' lang='lat' dir='ltr'>et</span> <span class='ocrx_word' id='word_1_57' title='bbox 954 845 1180 887; x_wconf 81' lang='lat' dir='ltr'>collocata.</span> 
     </span>
    </p>

    <p class='ocr_par' dir='ltr' id='par_1_3' title="bbox 172 923 1494 2255">
     <span class='ocr_line' id='line_1_9' title="bbox 305 923 1494 987; baseline -0.002 -17"><span class='ocrx_word' id='word_1_58' title='bbox 305 928 508 987; x_wconf 90' lang='lat' dir='ltr'>Denique</span> <span class='ocrx_word' id='word_1_59' title='bbox 538 927 639 971; x_wconf 84' lang='lat' dir='ltr'>vide</span> <span class='ocrx_word' id='word_1_60' title='bbox 668 927 789 972; x_wconf 90' lang='lat' dir='ltr'>Nem.</span> <span class='ocrx_word' id='word_1_61' title='bbox 819 929 873 972; x_wconf 90' lang='grc' dir='ltr'>ΠΙ</span> <span class='ocrx_word' id='word_1_62' title='bbox 902 943 942 972; x_wconf 84' lang='lat' dir='ltr'>v.</span> <span class='ocrx_word' id='word_1_63' title='bbox 975 931 1044 972; x_wconf 74' lang='lat'>12.</span> <span class='ocrx_word' id='word_1_64' title='bbox 1070 924 1209 987; x_wconf 79' lang='grc' dir='ltr'><em>’Ἀρχε</em></span> <span class='ocrx_word' id='word_1_65' title='bbox 1239 923 1279 969; x_wconf 81' lang='grc' dir='ltr'>δ’</span> <span class='ocrx_word' id='word_1_66' title='bbox 1299 927 1494 986; x_wconf 79' lang='grc' dir='ltr'><em>οὐρανοῦ</em></span> 
     </span>
     <span class='ocr_line' id='line_1_10' title="bbox 181 1007 1490 1074; baseline -0.002 -19"><span class='ocrx_word' id='word_1_67' title='bbox 181 1013 466 1072; x_wconf 77' lang='grc' dir='ltr'><em>πολυνεφέλα</em></span> <span class='ocrx_word' id='word_1_68' title='bbox 489 1013 671 1071; x_wconf 75' lang='grc' dir='ltr'><em>κρέοντι,</em></span> <span class='ocrx_word' id='word_1_69' title='bbox 700 1014 912 1074; x_wconf 58' lang='grc' dir='ltr'><em>θύγατερ,</em></span> <span class='ocrx_word' id='word_1_70' title='bbox 943 1009 1128 1068; x_wconf 80' lang='grc' dir='ltr'><em>δόκιμον</em></span> <span class='ocrx_word' id='word_1_71' title='bbox 1156 1009 1307 1068; x_wconf 80' lang='grc' dir='ltr'><em>ὕμνον·</em></span> <span class='ocrx_word' id='word_1_72' title='bbox 1339 1013 1417 1068; x_wconf 78' lang='grc' dir='ltr'>ἐγὼ</span> <span class='ocrx_word' id='word_1_73' title='bbox 1440 1007 1490 1053; x_wconf 83' lang='grc' dir='ltr'>δὲ</span> 
     </span>
     <span class='ocr_line' id='line_1_11' title="bbox 180 1097 1490 1158; baseline -0.002 -17"><span class='ocrx_word' id='word_1_74' title='bbox 180 1097 328 1141; x_wconf 84' lang='grc' dir='ltr'><em>κείνων</em></span> <span class='ocrx_word' id='word_1_75' title='bbox 348 1099 401 1142; x_wconf 83' lang='grc' dir='ltr'>τέ</span> <span class='ocrx_word' id='word_1_76' title='bbox 417 1115 493 1155; x_wconf 90' lang='grc' dir='ltr'><em>μιν</em></span> <span class='ocrx_word' id='word_1_77' title='bbox 514 1100 661 1158; x_wconf 86' lang='grc' dir='ltr'><em>ὀάροις</em></span> <span class='ocrx_word' id='word_1_78' title='bbox 686 1100 801 1157; x_wconf 75' lang='grc' dir='ltr'><em>λύρᾳ</em></span> <span class='ocrx_word' id='word_1_79' title='bbox 819 1115 868 1142; x_wconf 82' lang='grc' dir='ltr'>τε</span> <span class='ocrx_word' id='word_1_80' title='bbox 888 1099 1173 1155; x_wconf 84' lang='grc' dir='ltr'><em>κοινάσομαι·</em></span> <span class='ocrx_word' id='word_1_81' title='bbox 1211 1097 1490 1157; x_wconf 84' lang='grc' dir='ltr'><em>χαρίεντα</em></span> 
     </span>
     <span class='ocr_line' id='line_1_12' title="bbox 182 1178 1489 1244; baseline -0.001 -18"><span class='ocrx_word' id='word_1_82' title='bbox 182 1178 226 1225; x_wconf 79' lang='grc' dir='ltr'>δ’</span> <span class='ocrx_word' id='word_1_83' title='bbox 256 1180 365 1235; x_wconf 79' lang='grc' dir='ltr'><em>ἕξει</em></span> <span class='ocrx_word' id='word_1_84' title='bbox 396 1183 572 1227; x_wconf 88' lang='grc' dir='ltr'><em>πόνον</em></span> <span class='ocrx_word' id='word_1_85' title='bbox 603 1183 779 1244; x_wconf 75' lang='grc' dir='ltr'><em>χώρας</em></span> <span class='ocrx_word' id='word_1_86' title='bbox 811 1181 1068 1241; x_wconf 76' lang='grc' dir='ltr'><em>ἄγαλμα,</em></span> <span class='ocrx_word' id='word_1_87' title='bbox 1098 1181 1383 1243; x_wconf 83' lang='grc' dir='ltr'><em>Μυρμιδόνες</em></span> <span class='ocrx_word' id='word_1_88' title='bbox 1410 1183 1489 1226; x_wconf 82' lang='grc' dir='ltr'><em>ἵνα</em></span> 
     </span>
     <span class='ocr_line' id='line_1_13' title="bbox 181 1260 1487 1328; baseline 0.001 -17"><span class='ocrx_word' id='word_1_89' title='bbox 181 1269 388 1327; x_wconf 84' lang='grc' dir='ltr'><em>πρότεροι</em></span> <span class='ocrx_word' id='word_1_90' title='bbox 407 1260 578 1326; x_wconf 63' lang='grc' dir='ltr'><em>ᾤκησαν</em></span> <span class='ocrx_word' id='word_1_91' title='bbox 599 1279 680 1313; x_wconf 80' lang='lat' dir='ltr'>cet.</span> <span class='ocrx_word' id='word_1_92' title='bbox 714 1271 918 1328; x_wconf 88' lang='lat' dir='ltr'>Quorum</span> <span class='ocrx_word' id='word_1_93' title='bbox 933 1272 1171 1313; x_wconf 83' lang='lat' dir='ltr'>verborum</span> <span class='ocrx_word' id='word_1_94' title='bbox 1184 1271 1432 1312; x_wconf 86' lang='lat' dir='ltr'>subiectum</span> <span class='ocrx_word' id='word_1_95' title='bbox 1451 1271 1487 1312; x_wconf 91' lang='lat' dir='ltr'>si</span> 
     </span>
     <span class='ocr_line' id='line_1_14' title="bbox 180 1351 1486 1412; baseline -0.001 -16"><span class='ocrx_word' id='word_1_96' title='bbox 180 1353 354 1410; x_wconf 82' lang='lat' dir='ltr'>quaeris</span> <span class='ocrx_word' id='word_1_97' title='bbox 384 1354 431 1396; x_wconf 91' lang='lat' dir='ltr'>in</span> <span class='ocrx_word' id='word_1_98' title='bbox 458 1353 799 1410; x_wconf 79' lang='lat' dir='ltr'>commentariis,</span> <span class='ocrx_word' id='word_1_99' title='bbox 827 1353 996 1402; x_wconf 83' lang='grc' dir='ltr'><em>πολλὴν</em></span> <span class='ocrx_word' id='word_1_100' title='bbox 1017 1354 1210 1412; x_wconf 84' lang='lat' dir='ltr'>reperies</span> <span class='ocrx_word' id='word_1_101' title='bbox 1240 1351 1486 1411; x_wconf 60' lang='grc' dir='ltr'><em>ἀφθονίαν.</em></span> 
     </span>
     <span class='ocr_line' id='line_1_15' title="bbox 181 1435 1487 1496; baseline 0.002 -18"><span class='ocrx_word' id='word_1_102' title='bbox 181 1436 335 1494; x_wconf 85' lang='grc' dir='ltr'><em>Χώρας</em></span> <span class='ocrx_word' id='word_1_103' title='bbox 366 1435 547 1493; x_wconf 77' lang='grc' dir='ltr'><em>ἄγαλμα</em></span> <span class='ocrx_word' id='word_1_104' title='bbox 580 1438 748 1495; x_wconf 74' lang='lat' dir='ltr'>dicunt,</span> <span class='ocrx_word' id='word_1_105' title='bbox 777 1438 1002 1496; x_wconf 74' lang='lat' dir='ltr'>Aeginam,</span> <span class='ocrx_word' id='word_1_106' title='bbox 1023 1438 1345 1493; x_wconf 79' lang='lat' dir='ltr'>Aristoelidem‚</span> <span class='ocrx_word' id='word_1_107' title='bbox 1376 1438 1487 1481; x_wconf 87' lang='lat' dir='ltr'>cho-</span> 
     </span>
     <span class='ocr_line' id='line_1_16' title="bbox 179 1523 1487 1582; baseline 0.002 -17"><span class='ocrx_word' id='word_1_108' title='bbox 179 1538 293 1579; x_wconf 74' lang='lat' dir='ltr'>rum,</span> <span class='ocrx_word' id='word_1_109' title='bbox 324 1523 555 1581; x_wconf 74' lang='lat' dir='ltr'>hymnum,</span> <span class='ocrx_word' id='word_1_110' title='bbox 588 1526 748 1566; x_wconf 90' lang='lat' dir='ltr'>Iovem.</span> <span class='ocrx_word' id='word_1_111' title='bbox 811 1523 861 1566; x_wconf 91' lang='lat' dir='ltr'>In</span> <span class='ocrx_word' id='word_1_112' title='bbox 892 1539 982 1580; x_wconf 87' lang='lat' dir='ltr'>qua</span> <span class='ocrx_word' id='word_1_113' title='bbox 1011 1524 1327 1567; x_wconf 81' lang='lat' dir='ltr'>sententiarum</span> <span class='ocrx_word' id='word_1_114' title='bbox 1358 1524 1487 1582; x_wconf 87' lang='lat' dir='ltr'>eopia</span> 
     </span>
     <span class='ocr_line' id='line_1_17' title="bbox 178 1607 1485 1664; baseline 0.001 -16"><span class='ocrx_word' id='word_1_115' title='bbox 178 1620 229 1648; x_wconf 87' lang='lat' dir='ltr'>ac</span> <span class='ocrx_word' id='word_1_116' title='bbox 259 1607 542 1648; x_wconf 81' lang='lat' dir='ltr'>fluctuatione</span> <span class='ocrx_word' id='word_1_117' title='bbox 572 1607 682 1648; x_wconf 88' lang='lat' dir='ltr'>mihi</span> <span class='ocrx_word' id='word_1_118' title='bbox 713 1607 801 1648; x_wconf 86' lang='lat' dir='ltr'>hoc</span> <span class='ocrx_word' id='word_1_119' title='bbox 832 1607 1022 1648; x_wconf 82' lang='lat' dir='ltr'>maxime</span> <span class='ocrx_word' id='word_1_120' title='bbox 1054 1608 1216 1649; x_wconf 87' lang='lat' dir='ltr'>mirum</span> <span class='ocrx_word' id='word_1_121' title='bbox 1249 1616 1327 1663; x_wconf 80' lang='lat' dir='ltr'>est,</span> <span class='ocrx_word' id='word_1_122' title='bbox 1360 1608 1485 1664; x_wconf 89' lang='lat' dir='ltr'>quod</span> 
     </span>
     <span class='ocr_line' id='line_1_18' title="bbox 178 1690 1485 1749; baseline 0.002 -17"><span class='ocrx_word' id='word_1_123' title='bbox 178 1705 235 1732; x_wconf 88' lang='lat' dir='ltr'>ne</span> <span class='ocrx_word' id='word_1_124' title='bbox 266 1690 444 1733; x_wconf 81' lang='lat' dir='ltr'>fortuito</span> <span class='ocrx_word' id='word_1_125' title='bbox 478 1690 660 1747; x_wconf 88' lang='lat' dir='ltr'>quidem</span> <span class='ocrx_word' id='word_1_126' title='bbox 690 1691 925 1748; x_wconf 85' lang='lat' dir='ltr'>quisquam</span> <span class='ocrx_word' id='word_1_127' title='bbox 960 1706 1111 1737; x_wconf 82' lang='lat' dir='ltr'>verum</span> <span class='ocrx_word' id='word_1_128' title='bbox 1145 1692 1296 1749; x_wconf 75' lang='lat' dir='ltr'>attigit.</span> <span class='ocrx_word' id='word_1_129' title='bbox 1368 1691 1485 1734; x_wconf 90' lang='lat' dir='ltr'>Sub-</span> 
     </span>
     <span class='ocr_line' id='line_1_19' title="bbox 177 1770 1486 1833; baseline 0.002 -18"><span class='ocrx_word' id='word_1_130' title='bbox 177 1772 340 1816; x_wconf 85' lang='lat' dir='ltr'>iectum</span> <span class='ocrx_word' id='word_1_131' title='bbox 380 1775 503 1816; x_wconf 83' lang='lat' dir='ltr'>verbi</span> <span class='ocrx_word' id='word_1_132' title='bbox 536 1770 617 1824; x_wconf 78' lang='grc' dir='ltr'><em>ἕξει</em></span> <span class='ocrx_word' id='word_1_133' title='bbox 649 1782 715 1816; x_wconf 84' lang='lat' dir='ltr'>est</span> <span class='ocrx_word' id='word_1_134' title='bbox 756 1774 884 1833; x_wconf 87' lang='grc' dir='ltr'><em>λύρα.</em></span> <span class='ocrx_word' id='word_1_135' title='bbox 965 1773 1103 1833; x_wconf 87' lang='lat' dir='ltr'>Quod</span> <span class='ocrx_word' id='word_1_136' title='bbox 1150 1776 1297 1833; x_wconf 73' lang='lat' dir='ltr'>potuit</span> <span class='ocrx_word' id='word_1_137' title='bbox 1335 1776 1486 1832; x_wconf 82' lang='lat' dir='ltr'>latere,</span> 
     </span>
     <span class='ocr_line' id='line_1_20' title="bbox 177 1859 1488 1919; baseline 0.002 -19"><span class='ocrx_word' id='word_1_138' title='bbox 177 1859 434 1917; x_wconf 87' lang='lat' dir='ltr'>quicunque</span> <span class='ocrx_word' id='word_1_139' title='bbox 464 1860 598 1901; x_wconf 83' lang='lat' dir='ltr'>verba</span> <span class='ocrx_word' id='word_1_140' title='bbox 629 1859 700 1901; x_wconf 83' lang='lat' dir='ltr'>illa</span> <span class='ocrx_word' id='word_1_141' title='bbox 733 1859 857 1901; x_wconf 85' lang='lat' dir='ltr'>aliter</span> <span class='ocrx_word' id='word_1_142' title='bbox 888 1859 1085 1915; x_wconf 82' lang='lat' dir='ltr'>audiret,</span> <span class='ocrx_word' id='word_1_143' title='bbox 1115 1876 1249 1918; x_wconf 90' lang='lat' dir='ltr'>quam</span> <span class='ocrx_word' id='word_1_144' title='bbox 1287 1876 1312 1902; x_wconf 92' lang='lat' dir='ltr'>a</span> <span class='ocrx_word' id='word_1_145' title='bbox 1356 1870 1488 1919; x_wconf 78' lang='lat' dir='ltr'>poeta</span> 
     </span>
     <span class='ocr_line' id='line_1_21' title="bbox 175 1944 1486 2002; baseline 0.002 -16"><span class='ocrx_word' id='word_1_146' title='bbox 175 1959 256 2001; x_wconf 88' lang='lat' dir='ltr'>per</span> <span class='ocrx_word' id='word_1_147' title='bbox 296 1944 526 2002; x_wconf 79' lang='lat' dir='ltr'><strong>rhythmos</strong></span> <span class='ocrx_word' id='word_1_148' title='bbox 563 1945 926 2002; x_wconf 82' lang='lat' dir='ltr'>pronunciantur.</span> <span class='ocrx_word' id='word_1_149' title='bbox 1004 1944 1092 2000; x_wconf 85' lang='lat' dir='ltr'>Qui</span> <span class='ocrx_word' id='word_1_150' title='bbox 1140 1961 1293 1988; x_wconf 89' lang='lat' dir='ltr'>vocem</span> <span class='ocrx_word' id='word_1_151' title='bbox 1338 1944 1486 1988; x_wconf 78' lang='grc' dir='ltr'><em>κείνων</em></span> 
     </span>
     <span class='ocr_line' id='line_1_22' title="bbox 175 2029 1483 2088; baseline 0.002 -18"><span class='ocrx_word' id='word_1_152' title='bbox 175 2044 277 2071; x_wconf 88' lang='lat' dir='ltr'>cum</span> <span class='ocrx_word' id='word_1_153' title='bbox 308 2029 475 2086; x_wconf 85' lang='lat' dir='ltr'>duplici</span> <span class='ocrx_word' id='word_1_154' title='bbox 507 2044 584 2071; x_wconf 90' lang='lat' dir='ltr'>sua</span> <span class='ocrx_word' id='word_1_155' title='bbox 621 2030 902 2087; x_wconf 87' lang='lat' dir='ltr'>percussione</span> <span class='ocrx_word' id='word_1_156' title='bbox 941 2030 1123 2071; x_wconf 83' lang='lat' dir='ltr'>metrica</span> <span class='ocrx_word' id='word_1_157' title='bbox 1160 2038 1279 2071; x_wconf 82' lang='lat' dir='ltr'>recte</span> <span class='ocrx_word' id='word_1_158' title='bbox 1319 2031 1483 2088; x_wconf 84' lang='lat' dir='ltr'>cogita-</span> 
     </span>
     <span class='ocr_line' id='line_1_23' title="bbox 172 2114 1484 2173; baseline -0.001 -17"><span class='ocrx_word' id='word_1_159' title='bbox 172 2114 275 2169; x_wconf 86' lang='lat' dir='ltr'>bat,</span> <span class='ocrx_word' id='word_1_160' title='bbox 307 2114 460 2156; x_wconf 80' lang='lat' dir='ltr'>fortius</span> <span class='ocrx_word' id='word_1_161' title='bbox 491 2115 622 2156; x_wconf 82' lang='lat' dir='ltr'>etiam</span> <span class='ocrx_word' id='word_1_162' title='bbox 653 2129 784 2156; x_wconf 81' lang='lat' dir='ltr'>voces</span> <span class='ocrx_word' id='word_1_163' title='bbox 813 2114 929 2173; x_wconf 72' lang='grc' dir='ltr'><em>λύρᾳ</em></span> <span class='ocrx_word' id='word_1_164' title='bbox 959 2129 1009 2156; x_wconf 88' lang='grc' dir='ltr'>τε</span> <span class='ocrx_word' id='word_1_165' title='bbox 1047 2115 1371 2172; x_wconf 83' lang='lat' dir='ltr'>pronunciabat</span> <span class='ocrx_word' id='word_1_166' title='bbox 1402 2121 1484 2155; x_wconf 89' lang='lat' dir='ltr'>ne-</span> 
     </span>
     <span class='ocr_line' id='line_1_24' title="bbox 174 2193 1482 2255; baseline 0.002 -17"><span class='ocrx_word' id='word_1_167' title='bbox 174 2210 262 2254; x_wconf 91' lang='lat' dir='ltr'>que</span> <span class='ocrx_word' id='word_1_168' title='bbox 293 2197 539 2239; x_wconf 82' lang='lat' dir='ltr'>subiectum</span> <span class='ocrx_word' id='word_1_169' title='bbox 570 2197 693 2240; x_wconf 87' lang='lat' dir='ltr'>verbi</span> <span class='ocrx_word' id='word_1_170' title='bbox 725 2193 821 2249; x_wconf 77' lang='grc' dir='ltr'><em>ἕξει,</em></span> <span class='ocrx_word' id='word_1_171' title='bbox 856 2197 982 2255; x_wconf 85' lang='lat' dir='ltr'>quod</span> <span class='ocrx_word' id='word_1_172' title='bbox 1010 2197 1115 2253; x_wconf 80' lang='lat' dir='ltr'>dixi,</span> <span class='ocrx_word' id='word_1_173' title='bbox 1146 2213 1238 2239; x_wconf 92' lang='lat' dir='ltr'>non</span> <span class='ocrx_word' id='word_1_174' title='bbox 1261 2197 1482 2240; x_wconf 73' lang='lat' dir='ltr'>audiebat.</span> 
     </span>
    </p>

    <p class='ocr_par' dir='ltr' id='par_1_4' title="bbox 172 2282 1483 2508">
     <span class='ocr_line' id='line_1_25' title="bbox 292 2282 1482 2339; baseline 0.001 -17"><span class='ocrx_word' id='word_1_175' title='bbox 292 2282 444 2338; x_wconf 83' lang='lat' dir='ltr'>ltaque</span> <span class='ocrx_word' id='word_1_176' title='bbox 477 2296 768 2337; x_wconf 84' lang='lat' dir='ltr'>quaecunque</span> <span class='ocrx_word' id='word_1_177' title='bbox 800 2282 931 2323; x_wconf 91' lang='lat' dir='ltr'>huius</span> <span class='ocrx_word' id='word_1_178' title='bbox 961 2282 1132 2339; x_wconf 86' lang='lat' dir='ltr'>generis</span> <span class='ocrx_word' id='word_1_179' title='bbox 1163 2282 1207 2322; x_wconf 90' lang='lat' dir='ltr'>in</span> <span class='ocrx_word' id='word_1_180' title='bbox 1249 2296 1482 2323; x_wconf 87' lang='lat' dir='ltr'>commen-</span> 
     </span>
     <span class='ocr_line' id='line_1_26' title="bbox 172 2363 1483 2422; baseline -0.001 -13"><span class='ocrx_word' id='word_1_181' title='bbox 172 2364 292 2409; x_wconf 82' lang='lat' dir='ltr'>tariis</span> <span class='ocrx_word' id='word_1_182' title='bbox 322 2363 502 2409; x_wconf 89' lang='lat' dir='ltr'>Pindari</span> <span class='ocrx_word' id='word_1_183' title='bbox 533 2365 694 2407; x_wconf 80' lang='lat' dir='ltr'>restare</span> <span class='ocrx_word' id='word_1_184' title='bbox 725 2363 988 2408; x_wconf 80' lang='lat' dir='ltr'>videbantur</span> <span class='ocrx_word' id='word_1_185' title='bbox 1020 2364 1392 2422; x_wconf 83' lang='lat' dir='ltr'>interpretationis</span> <span class='ocrx_word' id='word_1_186' title='bbox 1419 2366 1483 2408; x_wconf 82' lang='lat' dir='ltr'>vi-</span> 
     </span>
     <span class='ocr_line' id='line_1_27' title="bbox 173 2449 1481 2508; baseline -0.001 -15"><span class='ocrx_word' id='word_1_187' title='bbox 173 2452 234 2508; x_wconf 83' lang='lat' dir='ltr'>tia</span> <span class='ocrx_word' id='word_1_188' title='bbox 265 2451 311 2493; x_wconf 93' lang='lat' dir='ltr'>in</span> <span class='ocrx_word' id='word_1_189' title='bbox 342 2450 462 2492; x_wconf 87' lang='lat' dir='ltr'>hunc</span> <span class='ocrx_word' id='word_1_190' title='bbox 492 2450 687 2501; x_wconf 84' lang='lat' dir='ltr'>libellum</span> <span class='ocrx_word' id='word_1_191' title='bbox 720 2449 962 2491; x_wconf 90' lang='lat' dir='ltr'>coniiciens</span> <span class='ocrx_word' id='word_1_192' title='bbox 1002 2457 1257 2508; x_wconf 85' lang='lat' dir='ltr'>argumenta</span> <span class='ocrx_word' id='word_1_193' title='bbox 1292 2450 1481 2507; x_wconf 86' lang='lat' dir='ltr'>apposui</span> 
     </span>
    </p>
   </div>
   <div class='ocr_carea' id='block_1_3' title="bbox 171 2532 1483 2591">
    <p class='ocr_par' dir='ltr' id='par_1_5' title="bbox 171 2532 1483 2591">
     <span class='ocr_line' id='line_1_28' title="bbox 171 2532 1483 2591; baseline -0.002 -11"><span class='ocrx_word' id='word_1_194' title='bbox 171 2545 245 2580; x_wconf 77' lang='lat' dir='ltr'>aut</span> <span class='ocrx_word' id='word_1_195' title='bbox 265 2536 397 2591; x_wconf 77' lang='lat' dir='ltr'>nulla,</span> <span class='ocrx_word' id='word_1_196' title='bbox 427 2534 504 2578; x_wconf 86' lang='lat' dir='ltr'>ubi</span> <span class='ocrx_word' id='word_1_197' title='bbox 535 2534 637 2576; x_wconf 81' lang='lat' dir='ltr'>satis</span> <span class='ocrx_word' id='word_1_198' title='bbox 659 2534 876 2582; x_wconf 71' lang='lat' dir='ltr'>videretur</span> <span class='ocrx_word' id='word_1_199' title='bbox 907 2533 1168 2576; x_wconf 83' lang='lat' dir='ltr'>sententiam</span> <span class='ocrx_word' id='word_1_200' title='bbox 1202 2532 1384 2590; x_wconf 81' lang='lat' dir='ltr'>dixisse,</span> <span class='ocrx_word' id='word_1_201' title='bbox 1407 2543 1483 2577; x_wconf 79' lang='lat' dir='ltr'>aut</span> 
     </span>
    </p>
   </div>
  </div>
 </body>
</html>
