1783 3070
718 242 1018 282 -31-

192 364 363 414 »aperte
389 356 580 415 loquar.‹·
654 359 833 403 Portus:
865 358 1169 419 α’φίσταιντο.·
1209 357 1371 400 Astius:
1397 355 1496 414 ιε’ῴίμ

187 447 402 478 στανται.
460 433 735 478 Schmidius:
774 436 955 478 »Pareae
989 436 1232 493 prohibent
1272 430 1494 492 pudorem

197 516 363 565 »tegere
394 509 422 551 i.
441 524 477 550 e.
511 510 606 552 sine
637 509 809 567 pudore
842 517 885 551 et
914 511 1155 560 reverentia
1186 523 1352 568 agerem
1395 508 1495 549 Dis-

168 571 353 625 ¹senius:
401 585 532 627 »mihi
564 583 779 626 Pindarus
817 583 972 627 dixisse
1013 584 1185 628 videtur
1224 584 1491 626 sententiam

196 657 344 715 »longe
373 657 683 715 gravissimam.
757 658 915 702 Parcae
953 658 1186 714 secedunt,
1223 657 1260 701 si
1300 671 1391 716 qua
1431 656 1492 698 si-

197 733 373 776 ”multas
404 731 639 775 intercedit
669 735 885 791 cognatis,
915 733 972 776 ad
1002 733 1221 791 pudorem
1251 748 1380 775 suum
1411 747 1490 774 oc-

193 806 502 850 ··cultandum.«
537 806 679 861 (Quae
692 804 904 851 sententia
913 813 1067 866 'neque
1085 807 1225 865 gravis
1243 805 1489 849 mihivide-

181 891 254 924 tur
277 896 385 937 esse,
417 897 519 924 nam
551 883 661 924 nihil
690 882 809 938 dicit,
841 892 883 926 et
912 884 1026 925 miro
1045 881 1183 924 modo
1203 882 1407 924 aberrare
1430 882 1487 922 ab

182 956 475 1012 antiquitate.)
523 957 696 1013 Quibus
719 958 875 1015 aliquis
905 957 1060 999 addat:
1096 957 1259 998 Parcae
1276 955 1487 997 desinunt

181 1029 400 1086 pudorem
431 1031 647 1073 occultare
663 1031 707 1073 h.
726 1046 762 1073 e.
797 1032 941 1074 omnis
962 1030 1110 1089 pudor
1123 1030 1305 1072 tollitur.
1347 1028 1485 1083 Quod

180 1118 321 1161 aeque
354 1104 505 1146 salsum
538 1113 669 1162 esset,
709 1114 842 1163 atque
880 1106 1055 1161 omnia,
1098 1119 1212 1162 quae
1256 1103 1482 1161 descripsi.

180 1178 357 1220 Pindari
388 1181 601 1222 sententia
639 1181 777 1223 multo
816 1181 948 1223 etiam
989 1180 1161 1238 gravior
1205 1187 1282 1221 est.
1341 1179 1484 1220 Verba

177 1249 360 1311 Μοῖραῖ
395 1253 682 1309 ἀφίστανται
734 1271 814 1313 per
866 1254 1220 1313 euphemismum
1266 1268 1483 1297 summam

177 1314 472 1372 calamitntem
510 1330 778 1386 significant,
820 1330 960 1387 qualis
991 1344 1027 1372 v.
1060 1344 1097 1371 c.
1137 1329 1287 1370 liberis
1321 1328 1483 1385 Oedipi

178 1402 363 1460 accidit3
402 1400 512 1444 αἰδῶ
540 1403 740 1457 καλύψαι
772 1412 940 1446 autem:
980 1413 1028 1447 ut
1057 1401 1280 1462 pudorem
1315 1401 1486 1445 laesum

180 1477 226 1529 (i.
259 1492 297 1518 e.
330 1477 494 1519 laesum
530 1492 610 1534 per
640 1477 736 1519 illos
765 1476 1004 1535 pudorem)
1036 1476 1272 1520 occultent.

295 1551 343 1594 V.
361 1553 458 1596 186.
490 1552 548 1608 μή
580 1567 683 1594 τινα
712 1551 973 1607 λειπόμενον
996 1550 1084 1594 τάν
1109 1548 1346 1595 ἀκίνδυνον
1361 1553 1485 1612 παρά

175 1625 316 1684 ματρὶ
345 1624 491 1682 μένειν
523 1625 662 1668 aicha
687 1625 917 1678 πέσσοντ’,
955 1626 1058 1667 ἀλλ’
1091 1625 1269 1675 ἐπὶηκαὶ
1299 1628 1486 1683 Saveh-q)

174 1700 415 1760 φάρμακον
439 1701 686 1745 κάλλιστον
720 1703 793 1750 ἑᾶς
814 1699 974 1761 ἀρετᾶς
990 1698 1136 1752 ἅλιξιν
1158 1700 1377 1760 εὑρέσθαι
1397 1702 1483 1744 σὺν

175 1772 341 1823 ἄλλοις.
402 1776 450 1817 In
481 1777 549 1817 his
578 1776 633 1817 τὸ
667 1777 906 1835 φάρμακον
937 1776 1101 1834 οἷρετοῖς
1129 1792 1220 1834 quo
1253 1792 1384 1819 sensu
1414 1776 1486 1819 di-

171 1857 291 1892 ctum
321 1850 378 1892 sit
413 1866 505 1893 non
536 1859 653 1893 recte
684 1851 965 1908 significatur.
1030 1851 1111 1893 Alii
1152 1853 1487 1897 incitamentum

171 1925 341 1967 virtutis
370 1926 633 1984 intelligunt,
660 1926 734 1969 alii
756 1926 947 1970 lenimen
966 1926 1137 1969 virtutis
1160 1927 1188 1968 i.
1212 1942 1250 1968 e.
1283 1927 1486 1970 laborum

172 1998 218 2041 h.
251 2015 289 2041 e.
331 2000 539 2059 gloriam.
614 2000 704 2045 Sed
743 2001 983 2060 φάρμακον
1025 1998 1185 2059 α’ρετᾶς
1224 2009 1324 2044 sunt
1361 2001 1487 2057 facta,

172 2089 241 2115 res
266 2075 496 2131 gerendae.
561 2076 692 2118 Deest
730 2077 813 2118 illis
845 2077 1018 2118 occasio
1052 2075 1210 2133 agendi
1246 2090 1297 2117 ac
1327 2076 1484 2117 virtute

172 2162 250 2189 sua
280 2148 460 2206 utendi3
501 2150 676 2208 qualem
709 2165 829 2192 nunc
865 2150 1096 2193 habebunt
1126 2149 1483 2207 pulcherrimam,

172 2223 322 2280 itaque
353 2224 593 2282 φάρμακον
628 2224 879 2268 κάλλιστον
920 2223 992 2273 ἑοῖς
1033 2221 1205 2281 α’ρετᾶς.
1232 2248 1294 2258 -
1355 2222 1484 2278 Quae

171 2295 401 2354 hucusque
431 2298 478 2339 in
509 2298 597 2339 hoc
628 2299 823 2341 carmine
854 2300 990 2357 tetigi,
1019 2296 1235 2341 eiusmodi
1264 2305 1401 2353 erant,
1432 2306 1482 2340 ut

173 2371 306 2412 verba
336 2370 532 2427 quidem-
551 2371 718 2429 singula
749 2386 774 2413 a
793 2373 1018 2430 plerisque
1045 2371 1404 2428 intelligerentur,
1436 2380 1480 2414 et

171 2454 318 2487 tamen
349 2460 473 2486 mens
504 2453 663 2502 poetae
696 2461 789 2488 non
819 2447 1152 2504 perspiceretur.
1215 2445 1353 2502 Quod
1391 2445 1478 2496 mi—

172 2535 271 2563 rum
303 2526 367 2575 est
396 2520 635 2562 sexcenties
667 2520 796 2563 nobis
815 2535 894 2577 per
915 2529 1108 2564 veterum
1138 2520 1299 2578 scripta
1324 2521 1383 2573 ita
1402 2535 1478 2578 ac·-

170 2595 318 2641 cidere
349 2595 479 2639 etiam
506 2595 553 2640 in
572 2595 912 2654 simplicissimis.
960 2596 1024 2639 En
1056 2603 1251 2639 mentem
1278 2605 1477 2641 nostram
