1783 3070
697 220 990 266 -43—

193 340 470 397 praepositis.
486 341 804 384 verbisyfixdru
828 342 913 398 νόῳ
934 343 1031 385 iam·
1052 340 1257 399 cogitavi,
1280 340 1368 397 ,qui
1400 341 1505 382 sub-

191 415 357 457 iectum
397 417 637 460 sententiae
671 426 760 473 est,
792 417 1053 474 Apollinem.
1126 416 1219 474 Qui
1264 415 1377 458 mihi
1396 430 1505 459 non

191 497 342 546 ,potest
366 490 419 533 'in
447 486 740 550 sequentibus}
758 491 864 534 addi
896 492 979 534 nisi
1009 492 1056 535 in
1085 507 1187 536 casu
1212 490 1377 535 dative»
1418 490 1504 533 Ita-

193 580 299 622 que,
329 564 416 623 τίν,
446 576 494 611 ut
521 566 756 623 dativum,
786 566 848 629 sic
874 568 1061 626 accipio:
1104 562 1216 618 ἄναξ
1232 600 1247 624 ,
1277 565 1429 610 ἑκόντι
1460 562 1499 607 δ’

195 632 387 698 εὔχομαι
416 642 501 698 νόῳ
522 641 821 699 καταβλέπειν
850 642 925 684 σοὶ
954 642 1191 701 ἁρμονίαν;
1223 643 1306 685 mit
1318 641 1501 700 geneig-

193 725 281 760 tem
314 717 459 761 Geiste
486 717 596 759 bitte
623 717 780 779 iehan
800 717 869 760 dir
883 718 955 765 die
971 719 1208 764 Harmonie
1235 733 1289 761 zu
1313 718 1497 760 schaun.

194 791 331 844 Quod
361 793 447 836 alio
479 791 617 835 modo
644 792 884 838 diceretur:
926 791 1062 845 ἅναξ,
1094 791 1243 835 ἑκόντι
1273 788 1331 844 δ’,
1359 791 1493 848 εὔχο-

189 881 299 920 μαι,
331 865 414 922 νόῳ
435 866 554 907 κατὰ
586 865 659 908 σοὶ
685 865 902 925 ἁρμονίαν
930 866 1079 926 βλέπε.
1158 866 1305 921 Quam
1333 865 1495 908 dictio-

191 955 295 983 nem
325 951 525 997 graecam
557 957 648 984 esse
678 951 800 999 puto.
864 944 1024 985 Dicunt
1054 940 1256 999 καθορᾶν
1274 956 1336 992 τι,
1370 939 1498 998 quod

186 1030 310 1059 -nunc
341 1017 557 1075 eleganter
586 1015 852 1062 disiunctum
884 1026 961 1061 est.

694 1148 853 1196 Pytna.
889 1137 983 1186 IX.

335 1232 477 1284 Pauc'a
516 1255 633 1284 nunc
670 1242 819 1284 libabo
855 1243 902 1292 in
950 1241 1143 1292 carmine
1186 1242 1374 1298 egregio.
1442 1242 1495 1283 In

191 1331 231 1359 v.
271 1319 323 1359 13
356 1317 443 1372 θεῷ
472 1331 520 1357 τε
553 1316 688 1372 γάμος
718 1317 897 1374 μιχθεὶς
927 1318 1067 1376 κούρᾳ
1097 1316 1145 1357 3'
1174 1313 1325 1369 Ὑψέος
1363 1316 1491 1374 εὐρυ-

187 1388 268 1447 βία
300 1405 445 1448 neque
474 1398 538 1432 est
568 1392 867 1447 connubium,
899 1391 956 1434 de
989 1406 1080 1449 quo
1113 1392 1229 1432 inter
1260 1391 1357 1431 illos
1384 1404 1494 1432 con-

186 1473 380 1521 venerat,
413 1481 574 1523 neque,
601 1481 691 1523 quo
725 1467 831 1511 olim
859 1481 906 1509 se
934 1467 1184 1521 iunxerunt,
1213 1464 1292 1507 sed
1309 1472 1373 1506 est
1390 1465 1497 1506 sim-

186 1540 358 1597 pliciter
393 1540 670 1589 'connubium
711 1543 828 1585 inter
879 1540 1015 1584 deum
1055 1548 1100 1584 et
1140 1539 1275 1583 filiam
1320 1538 1495 1596 Hypsei.

187 1615 325 1672 Quod
357 1623 488 1673 poeta
518 1616 698 1673 copiose
730 1616 1015 1674 connubium
1037 1615 1123 1658 deo
1148 1616 1332 1659 mixtum
1352 1623 1395 1656 et
1411 1613 1495 1671 Cy-

189 1704 322 1732 renae
364 1689 495 1746 dicit3
548 1706 641 1733 non
684 1698 812 1735 antea
849 1691 940 1735 hoc
975 1691 1044 1733 vel
1076 1691 1150 1733 illo
1184 1689 1350 1745 modo,
1390 1688 1495 1731 sed:

185 1763 311 1819 quod
342 1764 524 1807 intersit.
585 1787 642 1794 —-
704 1766 753 1807 In
791 1780 921 1808 verss.
965 1766 1144 1809 65-67
1188 1780 1328 1808 uuum
1371 1764 1496 1809 aliter

180 1839 338 1894 sentio,
371 1854 505 1896 quam
533 1839 793 1884 Boeckhius.
841 1840 892 1882 In
921 1840 1065 1882 verbis
1093 1840 1212 1885 enim
1244 1838 1400 1896 Ἀγρέα
1416 1837 1494 1885 καὶ

181 1912 394 1967 Νόμιον,,
421 1917 517 1961 τοῖς
561 1911 599 1957 δ’
648 1913 910 1972 Ἀρισταῖον
948 1915 1100 1958 καλεῖν
1141 1914 1254 1956 mihi
1295 1913 1351 1954 τὸ
1394 1915 1494 1960 τοῖς

179 1988 334 2031 καλεῖν
364 1989 547 2038 varia-tio
585 1998 651 2033 est
688 1989 847 2035 ultimo
885 1997 1058 2035 tantum
1086 1989 1260 2037 nomini
1291 1988 1490 2036 adhibita

180 2070 330 2122 neque
358 2080 589 2108 recurrens
620 2065 679 2109 ad
707 2081 837 2110 voces
868 2065 1024 2122 Ἀγρέα
1054 2064 1130 2107 καὶ
1160 2064 1346 2120 Νόμιον.
1415 2062 1489 2105 Id·-

179 2154 269 2196 que
301 2139 401 2183 nou'
418 2155 597 2199 prorsus
626 2140 822 2185 fortuito.
884 2141 934 2183 In
964 2141 1048 2185 illis
1079 2140 1199 2184 enim
1228 2137 1486 2186 nominibus

179 2227 248 2254 res
279 2213 403 2255 facile
435 2215 705 2271 cogitantur,
754 2215 918 2272 quibus
951 2215 1082 2269 deus,
1128 2215 1192 2255 sic
1230 2213 1488 2269 appellatus,

180 2288 368 2344 praesit5
413 2288 459 2329 in
496 2289 585 2330 hoc
616 2304 715 2330 non
744 2289 827 2330 nisi
858 2304 1038 2331 nomen.
1103 2290 1335 2331 Praeterea
1363 2287 1486 2344 lego:

179 2357 374 2420 α’νδράσι
404 2361 567 2419 χάρμα
597 2359 760 2419 φίλοις,
793 2359 1015 2421 ἄγχιστον
1033 2363 1206 2404 ὀπάονα
1232 2361 1398 2416 μήλοις.
1427 2384 1486 2392 -

179 2438 228 2479 ln
257 2452 295 2479 v.
330 2434 387 2480 94
418 2436 547 2485 πόλις
578 2438 683 2480 urbs
711 2438 963 2480 Thebarum
995 2446 1071 2483 est.
1125 2440 1175 2478 In
1193 2452 1232 2479 v.
1257 2437 1315 2478 96
1347 2433 1486 2494 ἀστοί

134 2528 136 2531 ’
178 2512 293 2555 cives
323 2510 603 2570 Cyrenarum.
647 2536 707 2546 —-
753 2513 955 2571 Denique
987 2529 1081 2555 non
1111 2525 1485 2569 supervacaneum

179 2588 350 2635 videtur
379 2604 417 2632 v.
451 2589 508 2632 99
526 2604 651 2647 seqq.
702 2598 890 2647 tangere.
964 2590 1012 2632 In
1058 2588 1219 2645 quibus
1256 2585 1489 2629 offendunt
