1783 3070
727 694 883 742 Pytn.
909 695 956 734 Ι.

310 791 465 833 Versus
504 789 857 848 quadragesimus
873 823 886 847 9
928 791 1054 849 quod
1094 791 1261 847 miror,
1301 793 1493 834 omnino

190 878 285 906 non
318 864 582 921 intelligitur.
645 865 698 906 Ut
727 866 914 908 breviter
940 866 1108 908 dicam:
1148 864 1363 907 Pindarus
1403 865 1498 906 ἑθε-

154 996 157 998 q
190 938 364 990 λήσαις,
396 940 567 1014 inquit,
596 943 779 981 ταῦτα
809 940 897 997 νόῳ
923 941 1108 996 τιθέμεν
1145 932 1417 1000 ευανδρόν
1448 957 1499 982 τε

189 1012 354 1072 χώραν.
402 982 466 1057 ln
497 1015 659 1073 quibus
690 1016 822 1058 verba
861 1016 1097 1064 ἐθελήσαις
1126 1018 1279 1057 ταῦτα
1310 1015 1396 1073 νόῳ
1427 1032 1497 1057 τι-

191 1089 338 1144 θέμεν,
370 1089 561 1148 Apollini
593 1090 732 1146 dicta,
761 1091 1024 1148 significant.
1053 1092 1119 1134 fac
1149 1100 1217 1133 ut
1228 1092 1341 1134 haec
1369 1092 1494 1135 fiant.

189 1164 340 1221 Itaque
372 1165 418 1207 in
448 1165 596 1222 priore
626 1166 827 1207 membro
861 1166 1093 1223 cogitatur:
1126 1166 1193 1208 sac
1219 1174 1267 1208 ut
1292 1167 1398 1208 urbs
1419 1166 1496 1209 fiat

190 1239 488 1295 στεφάνοισιν
518 1235 673 1299 ἵπποις
694 1254 744 1285 τε,
771 1239 912 1280 κλυτὰ
942 1239 1018 1280 καὶ
1050 1240 1135 1281 σὺν
1167 1240 1379 1298 εὐφώνοις
1410 1242 1498 1281 Ξα-

189 1311 305 1360 λίαις
345 1312 605 1367 ὀνομάστα,
649 1314 695 1356 in
737 1315 902 1370 altero,
948 1314 1014 1356 fac
1058 1322 1108 1356 ut
1153 1314 1229 1357 flat
1278 1311 1498 1372 εὖανδρος.

188 1388 296 1431 Nam
328 1384 539 1445 εὔανδρον
563 1388 862 1445 praedicatum
893 1397 957 1430 est
982 1389 1105 1431 verbi
1137 1388 1343 1443 τιθέμεν,
1373 1390 1499 1447 quod

190 1478 428 1505 commune
459 1463 637 1520 utrique
674 1465 892 1506 membro.
965 1463 1102 1517 Quod
1146 1464 1325 1521 plurimi
1367 1465 1498 1522 longe

188 1538 344 1595 fugisse
373 1536 588 1580 videntur.
649 1538 753 1594 Etsi,
785 1554 920 1596 quam
940 1538 1064 1581 facile
1096 1547 1140 1580 et
1171 1540 1390 1597 eleganter
1414 1555 1498 1581 vox

189 1612 374 1667 τιθέμεν
404 1612 462 1654 ad
492 1613 673 1654 alterum
706 1628 914 1670 quoque,
957 1628 982 1655 a
1012 1628 1120 1655 voce
1150 1612 1235 1668 νόῳ
1278 1629 1398 1655 nunc
1430 1629 1500 1655 se-

188 1695 355 1744 parata,
379 1695 569 1729 transeat
585 1688 850 1743 membrum,
872 1703 964 1730 non
987 1685 1165 1730 difficile
1183 1696 1275 1730 erat
1296 1703 1320 1730 e
1341 1688 1499 1746 rhyth-

187 1761 271 1803 mis
298 1762 551 1803 auscultare.

308 1836 357 1877 In
388 1850 427 1877 v.
458 1840 510 1878 71
546 1851 672 1893 seqq.
706 1836 967 1893 interpretes
997 1837 1154 1879 'vocem
1184 1834 1310 1894 ὕβριν
1343 1837 1500 1880 viden-

188 1919 260 1952 tur
291 1910 526 1968 neglexisse
558 1926 650 1952 non
681 1910 909 1968 indignam
947 1911 1183 1954 intellectu.
1245 1912 1352 1955 Nam
1385 1912 1502 1955 dicta

192 1993 257 2028 est
300 1986 511 2027 brevitate
560 1986 891 2044 elegantissima.
966 1986 1050 2028 Alii
1092 1987 1265 2030 cladem
1308 1995 1501 2029 tacentes

187 2061 480 2116 substituunt,
512 2061 585 2102 alii
616 2060 938 2104 inconsiderate
970 2070 1146 2119 agentes
1177 2062 1496 2105 contumeliam.

191 2135 437 2178 Phoenices
451 2135 788 2193 Tyrrhenosque
820 2144 870 2178 ut
897 2136 1046 2178 hostes
1077 2136 1358 2179 advenientes
1388 2150 1501 2177 con-

186 2217 343 2265 traque
373 2210 542 2251 Siculos
572 2219 816 2266 pugnantes
849 2211 969 2267 apud
1001 2210 1181 2264 Cumas,
1212 2211 1300 2250 hoc
1330 2209 1497 2251 Pinda-

187 2289 296 2338 rus2'
318 2298 379 2325 ex
425 2298 502 2326 sua
542 2290 714 2338 mente,
756 2284 947 2341 appellat
991 2286 1097 2334 (non
1140 2297 1331 2341 pugnam
1375 2282 1496 2341 apud

187 2357 360 2412 Cumas,
389 2357 480 2408 sed)
511 2353 638 2414 ὕβριν
664 2356 751 2398 τὰν
781 2357 868 2414 πρὸ
889 2357 1057 2412 Κύμας,
1089 2372 1281 2414 cumque
1314 2358 1361 2399 in
1392 2373 1496 2414 per-

187 2433 348 2477 niciem
389 2431 472 2475 illis
512 2432 707 2475 abiisset:
754 2428 1056 2475 ναυσίστονον
1101 2427 1229 2490 ὕβριν
1269 2431 1357 2475 τὰν
1405 2431 1492 2492 πρὸ

186 2506 352 2565 Κύμας.
414 2509 564 2566 ltaque
597 2508 839 2566 quieseant,
872 2508 1033 2566 inquit,
1064 2508 1142 2563 illi,
1172 2505 1296 2565 ὕβριν
1329 2506 1386 2550 ad
1404 2506 1492 2550 Cu-

186 2600 281 2628 mas
324 2600 445 2628 suam
485 2584 532 2627 in
570 2584 810 2642 perniciem
851 2599 1017 2628 versam
1049 2583 1127 2641 qui
1163 2582 1368 2626 viderint.
1431 2583 1495 2627 Ne
