1783 3070
772 671 958 715 Istum!
982 671 1026 715 1-

366 767 415 809 V.
448 764 507 809 42
540 782 667 824 seqq.
730 771 782 812 In
814 768 902 810 hoc
932 769 1031 809 loeo
1073 767 1265 824 primum
1301 780 1392 807 non
1422 764 1553 806 scribi

246 850 418 900 potest:
451 843 488 882 εὶ
521 838 559 882 δ’
590 840 730 898 ἀρετὰ
761 841 1038 884 κατάκειται.
1098 840 1226 895 Quae
1258 840 1376 882 nullo
1416 838 1554 881 modo

245 918 453 973 coniungi
486 931 585 958 cum
618 917 763 957 verbis
792 919 950 957 πᾶσαν
987 916 1439 973 ἀργοίη-ἀμφότερον
1476 911 1555 956 δα-

242 991 405 1038 πάναις
434 1004 484 1030 τε
512 988 587 1029 καὶ
618 988 781 1037 πόνοις,
809 997 1009 1046 possunt.
1052 990 1205 1046 Neque
1237 991 1366 1032 etiam
1391 989 1555 1046 addita,

244 1080 377 1122 quarn
410 1065 641 1121 supplent,
678 1079 787 1106 voce
826 1063 927 1105 τινί.
1002 1063 1292 1120 Quanquam-
1314 1065 1419 1106 hoc-
1444 1066 1553 1106 Her-

243 1154 431 1182 mannus
462 1139 669 1196 probavit
709 1146 899 1180 vertens:
959 1138 1021 1180 »si
1064 1138 1134 1180 cui
1183 1153 1358 1180 summo
1404 1138 1551 1181 studio

252 1223 421 1272 »parata
467 1214 601 1256 virtus
644 1222 733 1270 est,
780 1229 912 1269 eum,
951 1213 1122 1271 inquit,
1162 1212 1339 1256 laudare
1381 1212 1543 1256 deceta«

244 1289 370 1344 Quae
401 1289 542 1332 versio
576 1289 656 1331 niti
690 1289 733 1330 in
768 1289 1051 1346 ambiguitate
1081 1289 1202 1331 vocis
1248 1297 1424 1347 »parata
1456 1297 1543 1331 est«

240 1365 426 1407 videtur.
489 1364 597 1408 Nam
637 1364 780 1421 parari
821 1363 1003 1421 quidem
1035 1364 1171 1406 virtus
1211 1372 1357 1420 potest
1397 1366 1552 1405 πᾶσαν

240 1438 401 1496 ὀργάν,
432 1437 537 1493 sed,
567 1438 602 1479 si
621 1424 835 1495 juratur,
869 1452 961 1479 non
991 1437 1254 1478 κατάκειται
1265 1454 1277 1488 3
1309 1438 1375 1479 sin
1403 1446 1552 1494 parata

241 1521 321 1569 est,
353 1513 413 1555 ita
433 1521 483 1555 ut
499 1510 786 1564 κατακέηται,
818 1528 910 1554 non
937 1511 1042 1554 addi
1072 1520 1216 1570 potest
1231 1509 1385 1553 πᾶσαν
1404 1512 1549 1570 ὀργάν.

245 1589 447 1646 Denique
485 1588 521 1630 si
559 1587 649 1630 hoc
688 1596 859 1637 tantum
902 1587 1091 1631 dicatur:
1137 1588 1172 1630 si
1212 1588 1283 1629 cui
1324 1588 1552 1646 proposita

244 1665 379 1707 virtus
406 1672 471 1706 est
501 1678 675 1706 summo
704 1663 850 1705 studio
873 1663 1093 1721 pat-anda:
1124 1663 1251 1719 haec,
1271 1663 1455 1706 etiamsi
1472 1679 1553 1720 per

242 1754 288 1781 se
319 1739 379 1782 ita
410 1738 498 1781 dici
529 1745 723 1796 possent,
750 1753 843 1781 non
872 1746 1058 1796 possunt
1088 1746 1205 1781 certe
1236 1737 1443 1796 prodosis
1462 1753 1553 1781 esse

238 1813 543 1869 sequentium:
575 1814 660 1868 χρή
690 1827 757 1853 νιν
788 1812 1076 1869 εὑρόντεσσιν
1098 1821 1179 1854 etc.
1228 1814 1380 1870 ltaque
1400 1827 1548 1855 verum

242 1887 355 1930 mihi
382 1886 581 1942 videtur,
610 1885 735 1943 quod
765 1886 933 1927 censuit
969 1887 1260 1942 Aristarchus,
1299 1903 1390 1929 non
1423 1887 1548 1945 quod

243 1960 537 2004 Ahlwardtius
568 1960 781 2002 clamavit.
835 1960 1093 2002 Tenendum
1126 1975 1225 2002 cum
1246 1961 1487 2003 Boeckhio:
1512 1962 1549 2002 εἱ

238 2033 282 2079 δ’
328 2034 470 2097 ἀρετᾷ
511 2034 776 2077 κατάκειται
820 2037 975 2077 πᾶσαν
1020 2035 1164 2091 ὀργάν.
1235 2035 1551 2077 Κατακεῖσὲαί

236 2127 350 2164 τινι,
384 2111 508 2154 einer
532 2110 674 2153 Sache
707 2110 934 2167 obliegen,
964 2108 1265 2169 προςέχεσὲαί
1294 2126 1398 2152 τινι.
1460 2110 1548 2153 Sed

239 2188 284 2228 in
316 2187 458 2229 verbis
491 2186 551 2228 ita
581 2185 754 2243 scriptis
785 2184 874 2227 duo
916 2193 1079 2228 restant
1119 2186 1388 2244 explicanda.
1450 2186 1547 2229 Pri-

237 2277 360 2304 mum
387 2261 656 2318 subiectum3
687 2259 792 2304 dein
820 2275 909 2318 quo
937 2269 1067 2318 pacto
1084 2269 1292 2319 sequatur
1310 2259 1547 2320 εὑρόντεσ-

239 2352 326 2378 σιν.
389 2337 495 2379 Nam
535 2337 782 2377 subiectum
814 2351 906 2377 non
939 2345 1026 2392 est,
1072 2336 1197 2394 quod
1229 2338 1472 2380 Boeckhius
1503 2346 1547 2378 et

236 2411 458 2453 Dissenius
484 2410 652 2467 dicunt,
683 2408 779 2461 τίςς
810 2410 888 2453 sed
917 2413 1161 2453 necessario
1189 2411 1323 2467 idem„
1352 2411 1477 2469 quod
1500 2412 1545 2453 in

234 2486 612 2542 praecedentibus.
684 2485 835 2543 Itaque
877 2494 1012 2544 poeta
1055 2486 1143 2527 hoc
1185 2485 1315 2528 dicit:
1362 2487 1397 2528 si
1438 2500 1543 2528 vero

233 2560 330 2602 talis
364 2562 430 2604 vir
460 2570 687 2619 praeterea
716 2562 857 2621 ἀρετᾷ
893 2560 1158 2604 κατάκειται
1198 2564 1355 2604 πᾶσαν
1394 2560 1541 2619 ὀργάν.
