1783 3070
788 189 1082 229 -13-

402 308 469 352 Ad
498 321 624 351 verss.
657 306 832 347 36-38
873 305 926 345 οὐ
956 303 1129 345 πολλὸν
1161 303 1227 346 ἴδε
1264 301 1465 363 πατρίδα
1505 317 1583 346 ποε-

281 383 518 427 λυκτέανον
548 379 635 423 ὑπὸ
669 378 831 439 στερεῷ
857 377 961 439 πυρὶ
986 378 1179 435 πλαγαῖς
1208 395 1259 421 τε
1291 377 1482 440 σιδάρου
1503 378 1585 438 βα-

280 460 368 502 θὺν
393 458 452 506 εἰς
491 453 654 514 ὀχετὸν
697 448 812 503 ἄτας
853 453 1031 508 ἵζοισαν
1071 452 1149 495 ἐάν
1189 452 1323 495 πόλιν
1364 470 1456 497 non
1493 454 1583 497 vidi

280 535 355 591 qui
399 529 700 584 adnotaverit,
750 529 989 572 cohaerere
1036 525 1234 585 πατρίδα
1277 558 1288 569 .
1330 560 1341 571 .
1382 560 1393 570 .
1433 529 1581 573 πόλιν.

393 607 621 649 Praeterea
663 603 710 646 in
752 618 882 645 verss.
922 601 995 646 41.
1028 601 1102 650 42.
1143 603 1276 647 verba
1321 601 1397 644 καὶ
1443 607 1581 651 κεῖνος

275 680 466 737 ἀβουλίᾳ
496 679 695 726 ὕστατος
724 678 919 725 ἁλώσιος
949 678 1173 726 ἀντάσαις
1203 679 1409 719 θάνατον
1445 677 1582 717 αἰπὺν

274 756 352 798 οὐκ
385 752 585 813 ἐξέφυγεν
612 751 934 812 postTafelium
967 751 1116 796 denuo
1140 753 1271 797 liceat
1288 750 1581 810 interpretari.

276 830 486 890 Ἀβουλία
520 845 612 873 non
642 828 811 871 consilii
843 829 1044 886 inopiam
1081 829 1294 887 significat
1333 843 1479 886 neque
1515 835 1584 868 te-

274 906 517 948 meritatem
532 937 546 960 ,
578 918 665 962 qua
697 917 816 946 nunc
848 902 1015 961 Augeas
1047 903 1287 961 quicquam
1320 903 1483 959 fecerit,
1505 901 1584 944 sed

276 981 320 1021 in
350 980 599 1021 universum
633 979 860 1020 stultitiam
894 979 1008 1034 eius,
1040 993 1092 1020 ex
1123 993 1212 1036 qua
1242 979 1473 1036 improbus
1503 978 1585 1021 fuit

269 1053 550 1112 fortiorisque
572 1053 655 1096 sibi
680 1053 789 1096 iram
811 1053 951 1095 movit
971 1061 1104 1111 atque
1134 1060 1373 1095 certamen.
1409 1048 1584 1094 Ὕστα-

270 1144 345 1176 τος
372 1137 456 1184 est,
496 1128 619 1186 quod
659 1143 791 1186 prosa
833 1128 974 1170 oratio
1014 1127 1122 1169 dicit
1161 1128 1313 1182 τέλος,
1354 1127 1583 1176 τελευτῶν,

274 1219 420 1262 neque
451 1203 507 1247 de
533 1203 664 1247 huius
696 1200 955 1246 obsidionis*
976 1211 1179 1261 tempore
1208 1202 1375 1245 dictum
1408 1211 1487 1259 est,
1506 1202 1584 1245 sed

276 1279 332 1320 de
363 1279 537 1320 fortuna
564 1279 735 1336 Augeae
768 1279 814 1320 in
844 1279 1110 1322 universum.
1175 1278 1288 1320 Dein
1311 1279 1583 1336 coniungen-

278 1354 405 1396 dum:
439 1353 627 1403 ἁλώσιος
657 1354 921 1405 ἀντάσαις,
955 1353 1080 1412 quod
1122 1353 1353 1396 Pindariea
1393 1354 1582 1410 μεγαλο-

276 1428 421 1488 φωνίᾳ
442 1429 607 1471 dictum
632 1438 695 1471 est
724 1445 806 1486 pro
829 1430 990 1480 ἁλούςς
1024 1430 1083 1471 ita
1113 1438 1279 1484 tamen,
1308 1437 1358 1470 ut
1385 1429 1472 1470 hoc
1495 1429 1584 1470 sere

277 1504 464 1546 dicatur:
497 1505 585 1546 hoc
611 1504 714 1559 fuit,
746 1504 869 1561 quod
911 1504 1209 1562 imprudentia
1244 1503 1425 1545 tandem
1468 1519 1584 1546 asse·-

278 1587 401 1620 cutus
441 1587 505 1620 est
542 1580 639 1621 sua!
708 1580 858 1636 Itaque
898 1580 1034 1621 totius
1075 1579 1162 1621 loci
1202 1579 1417 1621 sententia
1457 1578 1583 1619 haec:

280 1654 612 1696 contentionem
646 1653 878 1696 fortiorum
910 1655 1083 1696 amoliri
1110 1653 1301 1696 difficile.
1350 1662 1394 1695 et
1410 1654 1481 1695 ille
1500 1654 1586 1695 im-

281 1727 516 1785 prudentia
546 1743 622 1771 sua
652 1737 876 1786 postremo
909 1724 1060 1787 captus
1092 1737 1136 1772 et
1166 1736 1344 1772 necatus
1376 1736 1453 1771 est.

753 1858 961 1903 olymp.
987 1857 1108 1895 xll.

379 1950 428 1992 In
443 1965 482 1992 v.
502 1947 555 1991 14
587 1951 624 1991 εἰ
653 1950 710 2005 μὴ
739 1950 903 1998 στάσις
923 1952 1183 2008 ἀντιάνειρα
1203 1948 1402 1998 Κνωσίας
1424 1948 1587 2010 ἄμερσε

281 2023 458 2083 πάτρας
478 2025 697 2067 lacobsius
722 2025 911 2068 coniecit
931 2024 1127 2073 Κνωσίας
1149 2026 1194 2066 σ’
1215 2022 1380 2083 ἄμερσε
1401 2026 1586 2084 πάτρας.

284 2098 360 2140 Cui
394 2098 586 2140 editores
618 2114 764 2156 neque
797 2100 994 2142 obsecuti
1034 2108 1135 2142 sunt
1165 2115 1312 2157 neque
1343 2100 1589 2158 responde-

284 2181 398 2215 runt.
462 2173 697 2216 Obiectum
731 2175 776 2216 in
806 2174 894 2216 hoc
931 2175 1030 2217 loco
1071 2175 1215 2218 omitti
1255 2183 1421 2233 potest,
1457 2183 1507 2218 ut
1540 2176 1587 2218 in

283 2246 509 2291 codicibus
536 2248 746 2291 omissum
778 2257 867 2306 est,
898 2249 1003 2308 quia
1028 2264 1122 2293 non
1153 2264 1266 2308 opus
1297 2258 1362 2293 est
1389 2258 1439 2294 ut
1465 2250 1587 2307 cogi-

282 2331 409 2365 tetur.
473 2322 718 2382 Cogitatur:
765 2324 845 2368 nisi
877 2324 1035 2368 seditio
1069 2324 1230 2369 Cnosia
1261 2326 1472 2384 privasset
1505 2340 1588 2383 pa-

282 2398 377 2441 tria.
440 2399 493 2441 Ut
524 2399 703 2456 cogitari
736 2400 864 2443 etiam
898 2400 1068 2443 aodici
1105 2401 1278 2458 potuit:
1315 2401 1399 2444 nisi
1440 2399 1588 2442 domia-

284 2473 432 2516 cilium
464 2482 679 2517 mutatum
713 2484 837 2532 esset,
868 2477 959 2519 vel:
991 2474 1250 2519 nisicnosia
1273 2476 1415 2535 patria
1437 2474 1586 2518 relicta

287 2558 396 2591 esset
426 2559 505 2592 cet.
544 2551 637 2594 sine
668 2564 776 2595 voce
806 2553 888 2595 tibi
919 2553 987 2595 vel
1027 2567 1051 2595 a
1081 2560 1138 2594 te.
1202 2551 1349 2609 quue>
1382 2548 1585 2593 Pindari-
