1783 3070
522 756 590 815 L.
641 757 710 815 B.

304 911 483 958 Pindari
505 914 698 958 carmina
722 914 883 972 perlegi
906 928 1008 957 cum
1038 913 1391 970 commentariis,
1421 913 1487 970 ut,

183 1004 296 1057 quae
329 998 530 1041 nondum
563 999 771 1056 explicata
800 997 1131 1041 viderentur-in
1157 999 1264 1055 illis,
1295 997 1487 1057 explica-

181 1089 302 1140 rem,
331 1085 366 1126 si
397 1099 597 1142 possem,
627 1084 732 1141 ipse.
796 1083 933 1141 Quod
961 1084 1021 1126 ita
1051 1084 1232 1138 institui,
1259 1091 1311 1126 ut
1337 1084 1487 1142 legens

187 1169 406 1224 carmina,
436 1168 674 1226 inspiciens
714 1181 1002 1226 quascunque
1040 1175 1321 1226 comportare
1354 1168 1490 1226 *potui

186 1252 430 1308 editiones,
468 1253 719 1308 versiones,
769 1253 1140 1308 commentarios,
1180 1252 1492 1295 adnotationes

179 1337 382 1395 singulas,
411 1336 490 1380 ubi
517 1336 572 1379 ab
605 1336 805 1379 omnium
834 1335 1023 1379 decretis
1054 1351 1198 1379 meam
1237 1336 1495 1395 discrepare

181 1421 377 1464 viderem
405 1421 681 1477 sententiam,
706 1430 933 1478 notarem,
965 1422 1203 1478 mitterem,
1232 1422 1493 1480 ubicunque

183 1521 283 1549 mea
314 1506 583 1548 inveniretur
612 1506 713 1548 licet
743 1506 799 1548 ab
837 1521 931 1548 uno
963 1506 1080 1548 inter
1107 1506 1304 1564 reliquos
1336 1521 1491 1549 omnes

183 1599 227 1633 et
255 1591 545 1634 vetustissimo
578 1589 781 1633 indicata.
824 1589 950 1634 Unde
970 1605 1137 1633 nomen
1157 1590 1307 1632 libelli.
1353 1588 1488 1633 Divisi

157 1685 327 1718 ·autem
360 1690 538 1717 omnem
570 1674 681 1716 mihi
711 1688 806 1717 rem
849 1674 896 1716 in
939 1673 1047 1716 duas
1082 1682 1257 1731 partes,
1296 1688 1485 1732 quarum

182 1762 314 1804 altera
350 1760 755 1818 interpretationem
783 1759 1113 1817 'grammaticam
1147 1765 1191 1800 et
1219 1758 1486 1816 singularum

182 1845 519 1900 sententiarum,
552 1844 687 1886 altera
714 1843 938 1900 poeticam
969 1851 1013 1885 et
1045 1842 1237 1885 universi
1274 1843 1487 1901 cuiusque

185 1930 391 1972 carminis
432 1928 767 1986 explicationem
814 1928 1103 1985 amplectitur.
1178 1928 1330 1986 Itaque
1369 1943 1490 1971 nunc

183 2013 366 2071 quidem
400 2027 476 2055 eos
506 2012 627 2070 attigi
652 2011 790 2068 locos',
821 2012 869 2054 in
898 2012 1060 2070 quibus
1086 2020 1299 2055 structura
1325 2014 1486 2056 verbo-

180 2114 279 2141 rum
310 2098 378 2140 vel
408 2097 653 2142 subiectum
693 2096 935 2138 sententiae
972 2097 1041 2139 vel
1081 2096 1380 2155 praedicatum
1416 2098 1486 2141 vel

180 2183 458 2240 pronominis
488 2181 669 2224 alicuius
698 2181 762 2222 vis
792 2182 861 2233 vel
889 2182 1283 2237 vocis2cuiuslibet,
1313 2197 1367 2224 ex
1395 2184 1486 2242 qu'a

180 2268 314 2309 totius
340 2265 581 2308 sententiae
613 2264 857 2306 intellectus
886 2265 1126 2321 penderet,
1157 2280 1306 2309 sensus
1343 2275 1387 2309 et
1424 2269 1485 2310 si-

185 2351 305 2395 milia
336 2364 361 2393 a
391 2349 569 2392 nemine
600 2347 707 2391 dum
736 2346 1000 2393 videbantur
1020 2357 1142 2393 recte:
1164 2366 1258 2393 non
1284 2350 1396 2395 dico*
1414 2353 1486 2396 in-

178 2438 364 2492 tellecta,
394 2433 519 2493 quod
548 2427 713 2490 nescio,
746 2432 825 2476 sed
851 2434 1034 2492 publice
1061 2435 1245 2494 quidem
1274 2438 1488 2495 explicata

178 2538 285 2566 esse.
350 2521 599 2584 Deprecor,
627 2519 663 2562 si
694 2519 864 2563 nesc'ius
903 2503 995 2564 hie'
1017 2521 1106 2564 illic
1144 2522 1483 2579 explicationem

1211 2617 1236 2655 ,1
