1783 3070
787 211 1076 265 —36—÷-

283 345 399 389 quae
431 331 671 374 necessaria
702 330 811 373 mihi
843 330 888 372 in
924 328 1000 373 illo
1040 340 1169 369 sensu
1209 324 1438 382 videntur,
1479 338 1580 368 cum

278 407 392 449 nihil
422 408 582 463 sciam,
614 406 738 464 quod
769 404 1009 451 interfuerit
1048 403 1164 445 inter
1192 402 1453 446 πολύθυτον
1480 398 1579 460 ἔρα-

277 497 354 524 νον
386 491 429 524 et
445 481 652 540 Κάρνεια,
686 482 848 539 quibus
868 483 943 526 vel
958 496 1108 524 nomen
1123 478 1399 535 congruerit3
1430 491 1577 535 neque

277 556 366 600 dici
400 557 582 599 omnino
614 549 774 614 posse,
815 565 1029 615 quantum
1073 554 1176 598 novi
1217 551 1406 614 Carnea,
1445 560 1576 610 puto:

276 632 471 689 Κάρνεια
501 630 546 672 ἑν
576 628 703 673 δαιτὶ
736 630 958 689 σεβίζειν,
989 631 1069 673 etsi
1109 629 1275 673 dictum
1307 634 1371 669 est
1411 624 1577 674 θυσίας

274 702 465 762 σεβίζειν
491 706 641 754 θεοῖς).
703 706 889 762 Verum,
932 706 1010 748 ubi
1049 703 1277 762 coniungis
1308 704 1442 759 μοῖρα
1474 690 1576 755 ἄγεν

272 777 428 838 ἔρανον
457 781 659 839 Κυράνας
684 780 832 838 πόλιν,
863 796 947 824 vox
977 773 1101 822 ’ἐνθεν
1129 778 1370 822 necessario
1393 775 1577 819 refertur

274 858 332 897 ad
365 858 568 913 ijrenas.
598 879 653 885 —
687 856 931 898 Boeekhius
958 855 1018 897 ita
1048 854 1240 912 scripsit:
1288 851 1407 894 α’λλὰ
1437 849 1575 908 μοῖρά

268 947 338 979 τις
388 929 489 985 ἄγεν
543 930 799 972 πολύθυτον
844 927 1025 987 ἔρανον
1075 921 1199 971 ἔνθεν
1245 925 1576 981 ἀναδεξάμενοι,

262 1003 496 1054 Ἄπολλον,
527 1001 620 1060 τεᾷ,
651 1002 843 1061 Καρνήϊ’,
877 1003 925 1046 ἐν
952 998 1078 1045 δαιτὶ
1109 1000 1343 1060 σεβίζομεν
1374 1001 1574 1061 Κυράνας

271 1079 573 1134 ἀγακτιμέναν
585 1077 717 1120 πόλιν
731 1095 741 1120 ε
784 1078 883 1120 »sed
898 1078 1033 1119 fatum
1057 1077 1238 1119 deduxit
1253 1077 1441 1119 victimis
1456 1078 1574 1119 mul-

278 1155 351 1195 »tis
363 1154 630 1195 celebratum
644 1153 823 1210 epulum
837 1170 848 1192 .-
880 1151 1000 1194 unde
1022 1166 1103 1193 nos
1120 1159 1382 1207 suscepta-m,
1400 1150 1575 1208 Apollo,

274 1229 339 1270 »in
370 1236 470 1283 tua,
498 1226 685 1283 carnee,
721 1227 1029 1269 comissatione
1061 1224 1250 1282 Cyrenes
1280 1225 1430 1283 pulcre
1463 1240 1573 1267 con-

274 1288 410 1345 »ditae
437 1303 700 1345 memoriam
731 1316 1026 1345 veneramur.«
1112 1300 1258 1355 Quam
1290 1300 1571 1343 constitutio-

266 1393 387 1433 nem,
415 1377 640 1434 ingeniose
668 1377 771 1418 licet
802 1376 1089 1434 excogitatam
1112 1375 1371 1433 fortiterque
1400 1390 1572 1432 propu-

268 1460 460 1510 gnatum,
491 1466 583 1493 non
615 1452 777 1508 patitur
794 1451 945 1493 eadem
970 1451 1122 1493 vocula
1153 1443 1291 1491 ἐ’νὲιεν.
1338 1450 1463 1504 Quae
1479 1466 1571 1492 non

263 1534 410 1584 potest
441 1540 587 1583 neque
625 1525 672 1567 id
681 1558 695 1581 ,
728 1525 852 1583 quod
881 1520 1127 1567 Boeckhius
1155 1525 1350 1582 primum
1381 1525 1573 1580 dicebat,

265 1600 528 1659 significare:
569 1600 708 1643 »unde
725 1599 789 1657 fit,
819 1609 911 1657 ut«,
947 1615 1096 1658 neque
1123 1599 1181 1642 ad
1200 1600 1403 1656 Theram,
1435 1615 1570 1659 quam

263 1685 431 1732 postea,
458 1684 668 1717 monente
698 1676 877 1730 Tafelio,
908 1676 1143 1730 substituit,
1174 1676 1338 1717 referri.
1371 1698 1432 1707 -—-
1461 1676 1571 1718 Ecce

267 1750 414 1809 igitur,
443 1748 568 1808 quod
595 1749 707 1792 mihi
740 1749 1032 1792 necessarium
1063 1749 1111 1792 in
1138 1749 1228 1792 hoe
1256 1749 1355 1793 loco
1382 1748 1570 1794 videtur.

269 1826 467 1866 Primum
499 1824 756 1865 cohaerent:
789 1821 908 1863 α’λλοὲ
932 1824 1067 1879 μοῖρά
1084 1839 1152 1873 τις
1180 1821 1279 1879 ἄγεν
1311 1826 1572 1867 πολύθυτον

273 1896 426 1955 ἔρανον
457 1897 659 1954 Κυράνας
693 1890 992 1951 ἀγακτιμέναν
1023 1896 1171 1940 πόλιν.
1234 1898 1404 1941 Deinde
1435 1900 1573 1943 inter-

269 1973 414 2032 posita
455 1980 578 2014 sunt:
634 1967 758 2013 ’ἐνθεν
800 1967 1147 2027 ἀναδεξάμενοι,
1188 1967 1433 2025 Ἄπολλον,
1474 1975 1571 2031 τεᾷ,

265 2047 464 2103 Καρνήϊ’,
494 2044 539 2088 ἐν
571 2041 697 2087 δαιτὶ
729 2043 971 2102 σεβίζομεν.
1026 2042 1181 2088 Ἔνθεν
1212 2047 1396 2090 refertur
1425 2048 1482 2091 ad
1508 2050 1570 2106 id,

269 2121 391 2181 quod
423 2129 715 2180 exspectatur,
762 2119 819 2163 ad
855 2120 1057 2178 Κυράνας
1089 2118 1389 2177 α’γακτιμέναν
1419 2123 1568 2168 πόλιν.

268 2197 501 2239 Obiectum
530 2196 653 2238 verbi
681 2192 911 2250 σεβίζομεν
944 2204 1008 2237 est
1038 2196 1178 2244 αὐτήν
1217 2198 1244 2238 i.
1274 2212 1311 2239 e.
1354 2213 1468 2255 quae
1499 2215 1569 2241 se-

268 2273 431 2332 quitur,
461 2272 656 2332 Κυράνα,
691 2268 856 2329 Cyrene
877 2272 1085 2331 nympha.
1136 2272 1230 2316 Hoc
1255 2271 1383 2318 dicit:
1414 2274 1570 2334 Sparta

267 2355 482 2390 venerunt
508 2348 696 2389 Theram
728 2345 941 2404 Aegidae,
984 2348 1073 2389 mei
1105 2348 1171 2389 avi
1181 2379 1194 2404 ,
1225 2363 1316 2390 non
1345 2350 1438 2391 sine
1469 2350 1569 2407 diis,

269 2423 344 2466 sed
369 2424 502 2466 fatum
528 2423 795 2477 volebatsut
814 2420 1000 2480 Cyrenas
1017 2424 1229 2467 venirent.
1295 2425 1342 2467 In
1363 2441 1451 2483 qua
1466 2421 1569 2468 sen-

266 2499 402 2539 tentia
431 2506 563 2557 poeta
593 2496 778 2556 Aegidas
808 2512 888 2555 per
920 2497 1088 2554 insigne
1112 2498 1377 2557 Aegidarum
1400 2499 1567 2557 signifi-

271 2580 353 2628 cat,
386 2575 489 2631 quia
519 2574 575 2617 de
605 2574 694 2617 hoc
725 2572 893 2631 aliquid
925 2572 1072 2616 dicere
1100 2575 1219 2630 vult,
1249 2576 1357 2619 hoc:
1386 2575 1434 2618 in
1459 2572 1568 2629 ‘Car-
