1783 3070
770 182 1031 221 -84

256 306 491 348 sententias
509 304 575 348 λιιι
604 297 893 343 coniunxeris:
927 290 982 334 ἄν
999 291 1043 333 οἱ
1057 287 1206 351 πατὴρ
1225 289 1554 352 ύπερκρέμασεν

254 376 580 437 ὑπερκρεμάσας
610 373 816 429 κάρτερον
843 369 965 423 αὐτῷ
995 366 1140 409 λίθον.
1203 368 1418 411 Pindarus
1450 384 1553 411 vero

258 454 317 496 ita
344 454 385 496 vi
414 466 488 494 sua
516 457 558 491 et
587 438 794 504 elegantia
814 444 860 486 in
877 457 1012 486 unam
1042 443 1272 499 contraxit,
1301 452 1350 486 ut
1364 444 1549 487 verbum

254 525 559 584 ὑπερκρέμασε,
592 519 714 579 quod
744 520 788 561 in
815 518 949 560 altera
970 520 1186 561 sententia
1208 533 1289 576 per
1312 519 1550 576 metapho-

254 616 343 643 ram
374 598 428 640 de
458 593 573 652 ἄτᾳ,
615 595 661 636 in
692 594 825 635 altera
857 592 914 635 de
945 593 1093 651 lapide
1135 608 1283 636 revera
1323 592 1548 650 pendente

250 674 430 727 dicitur,
467 671 513 713 in
543 668 689 712 medio
721 675 912 725 poneret
950 667 1128 726 utrique
1175 668 1376 710 membro
1422 682 1548 709 com-

251 761 413 788 mune.·
457 744 593 786 Dativi
625 743 866 783 manebant
905 742 953 784 in
996 757 1076 785 suo
1116 751 1304 800 uterque
1343 742 1547 783 membro

251 835 388 879 aeque
416 819 512 862 iusti
543 832 592 861 ac
621 817 867 860 necessarii.

365 896 412 935 ln
442 907 563 935 versu
594 899 740 933 autem
767 893 1052 951 sexagesimo,
1083 893 1161 934 ubi
1182 892 1237 934 de
1256 890 1415 934 eodem
1430 891 1464 932 T
1466 907 1546 932 an-

234 968 329 1010 talo
361 968 532 1025 legitur:
564 962 659 1023 ἔχει
687 962 727 1008 δ’
761 966 1007 1022 α’πάλαμον
1039 966 1137 1025 βίον
1167 970 1332 1008 τοῦτον
1360 962 1546 1021 ἐμπεδό-

243 1042 415 1099 μοχθον
445 1040 559 1097 μετὰ
586 1043 718 1098 τριῶν
733 1041 956 1100 τέταρτον
986 1041 1138 1097 πόνον,
1168 1041 1424 1083 ultimorum
1455 1054 1549 1082 ver-

243 1118 397 1159 borum
429 1132 603 1159 sensum
636 1132 682 1159 se
725 1133 819 1160 non
850 1118 1102 1175 perspicere
1142 1117 1403 1173 interpretes
1444 1115 1543 1172 ipsi,

243 1191 413 1247 opinor,
444 1192 691 1233 sentiebant
722 1207 892 1233 omnes.
954 1193 1060 1234 Aliis
1074 1190 1287 1234 Pindarus
1316 1189 1548 1231 videbatur

243 1274 441 1322 quartum
473 1266 620 1309 dicere
651 1268 850 1310 laborem
883 1276 1058 1325 praeter
1085 1267 1262 1321 samem,
1288 1265 1430 1321 sitim,
1459 1265 1545 1307 las·-

240 1339 494 1396 situdinem3
528 1341 623 1382 aliis
654 1342 800 1398 ipsum
831 1343 1060 1384 Tantalum
1100 1348 1305 1398 quartum
1337 1353 1437 1380 cum
1467 1339 1542 1379 Ti-

240 1421 330 1470 tyo,
352 1414 552 1472 Sisypho,
576 1416 750 1472 Ixione3
784 1417 878 1459 aliis
898 1416 1157 1459 continuum
1174 1415 1388 1470 laborem,
1407 1428 1542 1470 quar-

240 1493 331 1529 tum
358 1497 456 1546 post
483 1487 663 1540 tertium
696 1491 791 1533 sine
821 1491 908 1533 ulla
946 1490 1269 1533 intermissione
1301 1496 1382 1530 etc.
1445 1487 1543 1530 Pri-

238 1578 356 1605 mum
389 1566 546 1623 cogita:
587 1566 705 1621 μετὰ
736 1569 868 1626 τριῶν
911 1566 1082 1617 (πόνων)
1125 1564 1343 1624 τέταρτον
1385 1562 1536 1605 πόνον.

239 1637 404 1680 Deinde
430 1640 476 1682 in
506 1642 769 1683 memoriam
804 1642 886 1684 tibi
917 1656 1040 1698 voca,
1074 1655 1188 1699 quae
1205 1639 1419 1682 Pindarus
1444 1651 1540 1680 cre-

238 1710 367 1755 debat
396 1713 451 1756 de
479 1716 573 1758 vita'
595 1717 836 1758 hominum
868 1717 1026 1759 futura.
1088 1715 1298 1773 Exposuit
1335 1715 1428 1771 ipse
1468 1713 1537 1753 lu-

238 1785 425 1829 culenter
469 1789 514 1832 in
565 1791 788 1849 olympico
834 1791 1029 1833 carmine
1077 1789 1274 1832 secundo
1323 1781 1535 1830 et‘alibi.

235 1859 396 1917 Atque,
428 1859 525 1905 ὅσοι
560 1868 640 1921 μὲν
672 1866 940 1926 ἑτόλμαᾳαν
971 1865 1122 1924 ἐστρὶς
1161 1863 1400 1924 ἑκατέρωθι
1444 1865 1540 1920 μεί-

234 1948 385 1983 ναντες
416 1933 502 1979 ἅπὸ
530 1942 717 1997 πάμπαν
750 1938 912 1983 α’δίκων
945 1938 1065 1999 ἔχειν
1096 1940 1276 1998 ψυχάν,
1307 1941 1441 1983 vitam
1472 1941 1539 1983 vi-

235 2018 338 2051 vent
367 2010 532 2055 felicem
562 2016 607 2058 in
637 2026 882 2060 aeternum.
945 2017 1151 2059 Tantalus
1179 2031 1310 2071 vero,
1340 2015 1535 2058 facinore

232 2084 528 2129 scelestissimo
559 2092 819 2147 commisso,
859 2092 991 2134 vitam
1033 2091 1151 2132 illam
1194 2099 1417 2132 aeternam
1460 2106 1534 2132 ae-

232 2160 595 2205 rumnosissimam
618 2166 774 2209 habet:
806 2176 1018 2229 quartum
1048 2163 1246 2209 laborem
1278 2166 1379 2216 (iam
1403 2175 1533 2224 pote-

231 2238 296 2271 rat
337 2231 421 2275 dici
458 2246 584 2293 »post
612 2248 750 2297 tres«,
789 2242 867 2284 sed
898 2257 999 2285 eum
1031 2250 1120 2284 tres
1162 2241 1254 2283 illas
1295 2241 1404 2284 vitas
1443 2242 1531 2284 iam

229 2304 411 2362 vixisset,
436 2311 583 2363 etiam)
615 2329 710 2358 cum
742 2317 899 2361 tribus.
943 2318 1039 2359 Hoc
1053 2315 1269 2358 Pindarus
1296 2316 1403 2359 dicit
1434 2332 1532 2358 ver-

229 2375 317 2419 bis:
357 2376 448 2437 ἕχει
477 2382 574 2440 βίον
602 2393 762 2431 τοῦτον
798 2419 846 2425 —
884 2390 1001 2446 μετὰ
1036 2393 1167 2447 τριῶν
1197 2389 1418 2448 τέταρτον
1448 2389 1533 2431 πό-

229 2463 316 2490 νον·
377 2455 541 2500 Pulcre.
612 2461 716 2505 Nam
758 2465 845 2507 hoc
886 2482 1006 2509 nunc
1048 2465 1177 2508 dicit:
1220 2465 1305 2508 iam
1353 2466 1428 2508 hic
1468 2473 1533 2507 est

229 2522 330 2568 finis
359 2530 491 2574 totius
518 2534 628 2578 vitae
658 2538 948 2599 laborumque
964 2542 1170 2587 Tantalo!
1215 2540 1310 2598 Cui,
1340 2549 1389 2584 ut
1406 2540 1527 2584 Plato
