1783 3070
767 218 826 227 .-
886 194 946 239 42
1001 214 1081 230 β-

280 315 408 373 υτοῦ,
445 314 629 370 γλυκεῖα
669 314 788 359 οὖσα
815 316 890 360 καὶ
920 319 962 365 ἐς
998 316 1055 358 τὸ
1096 317 1271 373 ὁμιλεῖν
1310 321 1581 375 συμπόταις,

281 388 530 442 ιυμελισσᾶν
557 388 792 450 ἀμείβεται
808 392 969 452 τρητὸν
990 391 1141 444 πόνον,
1175 394 1268 436 eius
1287 411 1424 438 mens¹
1438 405 1584 440 autem

279 464 436 506 »etiam
467 464 516 507 in
547 467 831 525 convivarum
869 469 1075 512 societate
1101 475 1192 511 tam
1226 477 1292 511 est
1321 469 1489 526 dulcis,
1525 479 1585 514 fut

283 556 437 598 »apum
470 541 702 598 opificium
735 553 913 602 superet
943 543 1247 588 iucunditate.·‹
1307 544 1400 588 Imo
1419 545 1583 590 Pinda—

276 631 347 658 rus
376 617 609 674 cogitavit:
641 619 665 666 ἡ
689 615 750 669 ,δὲ
782 620 898 678 φρὴν
931 616 1071 662 αὐτοῦ
1100 620 1276 676 γλυκεῖα
1308 618 1396 660 καὶ
1427 622 1481 661 ἐν
1512 624 1583 676 τῷ

274 691 952 749 συμπόταισινκὸμρλεῖν
1003 696 1227 751 μελισσᾶν
1283 692 1580 752 ἀμείβεται
1630 722 1634 725 -

271 766 438 823 τρητὸν
468 767 619 812 πόνον.

766 890 925 936 Pyth.
960 889 1087 946 VII.

421 982 632 1030 Videntur
672 984 783 1026 mihi
826 984 1089 1041 interpretes
1121 984 1317 1028 animam
1349 985 1470 1043 parvi
1502 984 1580 1031 sed

269 1058 478 1114 praeclari
506 1059 711 1100 carminis
755 1059 1028 1115 exstinguere
1074 1066 1117 1099 et
1169 1059 1410 1102 Pindarum
1452 1061 1578 1116 quasi

266 1132 416 1189 paucis
447 1133 643 1175 versibus
671 1133 857 1189 eripere,
888 1133 935 1175 in
965 1147 1092 1175 versu
1124 1131 1300 1175 decimo
1331 1133 1463 1176 tertio
1496 1149 1576 1176 vo-

265 1221 337 1247 ces
363 1204 516 1261 ἄγοντι
535 1203 584 1247 δέ
602 1221 656 1261 με
681 1207 965 1264 explicantes:
998 1215 1174 1262 vocant,
1204 1215 1464 1264 provocant,
1495 1207 1576 1249 ad-

266 1281 447 1339 ducunt,
479 1283 710 1340 impellunt
736 1297 808 1324 me
839 1281 896 1325 ad
927 1281 1191 1325 canendum.
1262 1282 1477 1325 Pindarus
1506 1282 1577 1325 di-

262 1365 403 1399 xerat:
436 1357 483 1399 in
514 1356 713 1401 canenda
744 1356 1084 1399 Alcmaeonidae
1114 1357 1298 1409 victoria
1329 1357 1575 1414 pulcherri-

263 1447 386 1475 mum
418 1432 701 1488 prooemium
719 1447 810 1474 esse
830 1431 1035 1474 Athenas.
1077 1432 1203 1476 Nunc
1225 1432 1387 1489 pergit:
1420 1425 1574 1486 ἄγοντι

264 1502 314 1550 δέ
343 1522 397 1562 με
428 1507 474 1549 h.
508 1522 546 1549 c.
579 1506 747 1549 ducunt
772 1515 917 1549 autem
951 1522 1053 1564 me3
1087 1506 1215 1565 quod
1240 1507 1287 1549 in
1316 1522 1447 1565 prosa
1474 1523 1576 1550 ora-

263 1582 387 1624 tione
419 1581 602 1625 dixeris:
642 1582 812 1625 ducunt
841 1591 987 1625 autem
1019 1598 1091 1624 me
1126 1582 1171 1625 in
1204 1583 1399 1626 carmine
1430 1583 1576 1631 conti-

262 1657 442 1700 nuando
478 1657 677 1715 quinque
695 1658 904 1700 victoriae
928 1657 1203 1713 Isffimiacae,
1234 1672 1322 1700 una
1346 1657 1575 1715 Olympica

264 1741 345 1775 etc.
380 1760 433 1768 —
468 1733 533 1775 De
564 1733 745 1789 reliquis
775 1748 867 1776 non
900 1733 1031 1775 huius
1062 1733 1148 1775 loci
1178 1741 1242 1776 est
1272 1732 1508 1791 disputare.

739 1850 898 1896 Pyth.
932 1849 1091 1887 vm.

415 1955 473 2000 V.
503 1955 558 1997 67
576 1969 676 2013 sqq.
708 1949 843 2004 ἅναξ,
865 1951 1012 2007 ἑκόντᾳ
1045 1950 1086 1996 δ’
1112 1948 1306 2010 εὔχομαι
1336 1951 1572 2010 νόῳγκατὰ

263 2030 335 2073 τὶν
375 2028 595 2089 ἁρμονίαν
632 2029 837 2087 βλέπειν,
878 2028 998 2088 ἄμφ’
1035 2024 1229 2070 ἕκαστον
1272 2024 1365 2069 ὅσα
1403 2028 1572 2084 νέομαι.

265 2106 502 2160 Quaeritur
533 2105 590 2148 de
621 2120 729 2161 voce
761 2103 846 2147 τίν.
892 2104 1046 2147 Graeci
1067 2104 1328 2161 interpretes
1350 2112 1394 2146 et
1416 2095 1571 2147 recen-‘-

263 2182 422 2223 tiorum
455 2181 680 2224 nonnulli:
725 2179 843 2221 κατά
883 2178 971 2220 τιν’
1011 2176 1240 2237 ἁρμονίαν.
1303 2178 1569 2236 Βοθοὶὼίυες

260 2254 333 2296 τὶν
366 2256 582 2311 ἁρμονίαν
628 2256 656 2297 i.
692 2271 729 2297 e.
769 2259 876 2305 σοῦ,
927 2254 1009 2303 σὴν
1049 2250 1281 2311 ἁρμονίαν.
1347 2254 1570 2299 Dissenius

258 2347 357 2374 cum
390 2332 583 2390 Heyni0:
621 2328 813 2389 εὔχομαί
839 2345 926 2373 τιν.
990 2330 1193 2387 Denique
1210 2327 1568 2372 Hermannusviv

258 2408 548 2449 accusativum
582 2408 739 2450 habet:
772 2404 970 2464 εὔχομαι,
997 2405 1143 2447 ἑκόντι
1168 2405 1252 2461 νόῳ
1275 2406 1326 2446 σὲ
1347 2403 1582 2461 καταβλέ-.

257 2496 352 2525 πειν
384 2481 617 2541 ἁρμονίαν.
678 2483 786 2526 Mihi
817 2484 1107 2527 accusativus
1140 2481 1325 2524 omniuo
1359 2480 1569 2523 molestus

259 2564 322 2597 0⁵&
352 2557 561 2616 (ideoquo
594 2558 762 2616 duplici
796 2558 932 2602 modo
954 2559 1218 2614 suspectus),
1249 2563 1487 2612 postquam
1512 2554 1566 2610 ,iu
