1783 3070
682 240 977 287 —45—

190 365 385 411 ”dieami’
421 365 548 409 Nihil.
585 364 673 409 Sed
691 367 809 409 enim
829 366 971 423 Pytho
994 381 1069 418 me
1098 365 1278 424 poscit-u
1318 362 1485 406 Boeck—

183 439 305 486 hius:
346 440 476 499 nquid
506 442 618 484 iacto
636 441 982 499 intempestive?
1020 443 1160 484 Immo
1184 455 1289 483 vero
1304 454 1378 482 me
1394 441 1481 496 Py·-

194 516 385 572 ·›thoque
421 525 499 559 eet.
538 517 648 558 nihil
684 517 814 572 igitur
844 525 1024 572 :praeter
1061 532 1155 558 rem
1196 514 1440 572 aggredior.
1453 527 1472 551 «·

185 590 425 634 Dissenius:
463 592 642 645 &Verum
673 589 784 648 quid
812 590 887 633 hie
911 591 1023 634 iacto
1055 600 1230 649 praeter
1254 591 1381 633 remi)
1428 589 1483 632 At

193 666 356 724 »Pytho
386 675 468 709 eet.
500 666 614 708 haee
641 680 713 707 me
738 674 946 723 poscunt3
988 682 1080 709 non
1111 667 1191 708 iste
1217 667 1328 708 latus
1359 680 1482 708 oam-

193 757 295 799 ··pus
323 739 649 798 ingrediendus,
674 749 723 782 ut
752 740 807 783 de
835 743 1033 798 potentia
1051 740 1378 783 Heraclidamm
1409 740 1481 783 di-

194 830 310 857 ueam
340 815 563 870 universa,
604 813 682 856 sed
721 823 861 857 certae
892 814 1111 872 quaedam
1142 816 1275 856 urbes
1305 823 1348 856 et
1377 829 1481 872 per-

194 905 349 932 »sonae
360 898 475 944 sunt,
506 904 618 947 quae
635 904 706 931 me
720 898 890 945 vocant,
921 890 1008 932 huc
1026 890 1166 931 oratio
1187 888 1479 932 revocanda«

186 963 401 1006 Pindarus
431 963 519 1006 hoc
549 962 677 1006 dicit:
708 979 856 1007 verum
890 964 1000 1022 quid
1033 965 1148 1006 iacto
1165 970 1339 1021 praeter
1354 964 1481 1006 remi)

184 1039 282 1083 Non
312 1038 582 1097 pergendum
613 1039 722 1081 mihi
754 1039 801 1082 in
829 1040 898 1082 his
923 1039 1082 1095 verbis,
1112 1038 1190 1081 sed
1222 1040 1365 1096 Pytho
1407 1053 1480 1080 me

187 1122 231 1156 et
260 1114 540 1157 Pelinnaeum
571 1122 729 1157 vocant
755 1121 836 1157 eet.
900 1113 1287 1172 Opportunitatem
1310 1113 1480 1156 exordii

187 1189 278 1246 ipse
308 1188 559 1233 dissimulat
591 1190 772 1232 omnino
805 1204 950 1246 neque
994 1189 1177 1246 exponit
1205 1189 1294 1232 ullo
1327 1189 1482 1245 modo,

189 1278 328 1321 eaque
360 1272 424 1305 est
448 1264 579 1305 huius
608 1264 829 1320 prooemii
854 1264 918 1305 vis
944 1264 1133 1320 poetica.

337 1338 507 1381 Deinde
537 1339 669 1381 verba
695 1353 735 1382 v.
771 1341 823 1380 17
858 1334 1042 1380 ἕσποιτο
1080 1341 1216 1395 μοῖρα
1246 1336 1322 1379 καὶ
1351 1338 1487 1380 ὑστέ-

188 1428 340 1469 ραισιν
371 1415 417 1454 ἐν
448 1412 629 1469 ἁμέραις
657 1412 854 1471 ἀγάνορα
890 1413 1089 1454 πλοῦτον
1127 1412 1283 1454 α’νὲεῖν
1320 1412 1487 1471 σφίσιν

187 1488 310 1530 aliter
349 1488 404 1529 ab
446 1488 753 1545 interpretibus
788 1487 971 1545 cogitari
1008 1485 1237 1542 videntur,
1286 1502 1420 1544 quam
1461 1502 1487 1529 a

186 1571 332 1620 poeta.
393 1563 548 1620 Μοῖρα
578 1547 671 1605 non
703 1570 766 1604 est
795 1562 994 1617 fortuna,
1019 1562 1099 1604 sed
1129 1577 1245 1618 sors,
1276 1570 1320 1604 et
1350 1563 1489 1620 expli-

191 1646 314 1682 catur
342 1637 521 1695 reliquis
548 1637 786 1679 sententiae
816 1636 973 1679 verbis.

306 1714 355 1755 In
385 1728 423 1755 v.
448 1714 518 1755 28.
550 1709 679 1760 ὅσαις
706 1708 754 1754 δὲ
784 1710 948 1769 βροτὸν
973 1707 1099 1759 ἔθνος
1113 1708 1322 1767 ἀγλαΐαις
1340 1710 1492 1753 ’ἁπτό-

186 1787 355 1843 asaza,
387 1785 580 1845 περαίνει
609 1785 718 1843 πρὸς
747 1783 948 1844 ἔσχατον
975 1785 1123 1828 πλόον
1153 1787 1267 1829 male
1297 1795 1399 1844 post
1415 1801 1491 1828 πε-

186 1859 326 1919 ραίνει
357 1861 591 1905 inferciunt
618 1862 794 1909 ταύτας
823 1862 892 1904 vel
923 1860 1095 1912 vdoag3
1139 1876 1247 1919 quo-
1263 1862 1353 1913 vim
1388 1877 1491 1904 ver-

185 1938 346 1980 borum
378 1944 422 1979 et
451 1936 711 1995 elegantiam
738 1936 955 1995 frangunt.
1016 1935 1236 1994 Περαίνει,
1264 1934 1390 1994 quod
1418 1937 1493 1979 hic

186 2012 384 2055 absolute
412 2010 583 2055 dietum
614 2019 701 2067 est,
742 2011 871 2054 simul
904 2019 1037 2069 atque
1067 2010 1243 2054 auditur
1257 2043 1271 2068 ,
1319 2016 1489 2067 eorum,

187 2102 302 2144 quae
331 2086 625 2144 praecedunt,
655 2086 887 2144 exstinguit
916 2087 1191 2129 memoriam.
1254 2086 1366 2128 Hine
1395 2086 1489 2127 eol-

187 2162 348 2203 locatio
380 2162 633 2206 verborum.
693 2161 743 2203 In
773 2160 919 2203 verbis
948 2159 1145 2218 περαίνει
1160 2159 1269 2217 πρὸς
1286 2151 1489 2217 ἔσχατον

187 2234 327 2276 πλόον
360 2235 407 2277 in
433 2235 686 2277 universum
718 2248 838 2276 nunc
871 2235 1085 2292 cogitatur
1118 2234 1243 2276 notio
1271 2233 1489 2277 felicitatis

185 2308 441 2353 hominibus
472 2307 611 2350 datae.

307 2384 356 2425 In
387 2398 423 2425 v.
454 2379 512 2425 34
543 2377 601 2422 ὧν
631 2377 816 2429 θαλίαις
843 2377 1030 2436 ἔμπεδον
1057 2379 1300 2439 εὐφαμίαις
1329 2397 1379 2423 τε
1406 2391 1488 2424 etc.

187 2457 316 2502 video
350 2471 504 2499 omnes
535 2456 662 2499 festas
693 2455 827 2514 dapes
858 2456 1098 2514 intelligere
1124 2464 1168 2497 et
1180 2454 1331 2498 laudes
1352 2456 1489 2514 Apol-

186 2534 267 2578 lini
299 2539 500 2576 cantatas.
569 2531 771 2575 Attamen
802 2530 1107 2588 negligentiam
1139 2530 1255 2573 hanc
1283 2542 1407 2573 suam
1440 2539 1491 2575 ut

187 2607 473 2654 emendarent
484 2606 551 2651 vel
565 2605 849 2666 sequentibus
860 2603 1089 2648 admoneri
1105 2603 1342 2648 debebant.
1374 2604 1491 2662 Can-
