1783 3070
684 201 973 241 -21-

174 314 381 375 Σίσυφον
412 316 493 372 μὲν
525 325 631 375 eto,
670 333 846 377 prorsus
875 318 1024 361 illicite
1050 326 1200 362 tamen
1243 314 1480 375 cogitando

174 390 304 446 addi,
336 391 461 449 quod
490 392 585 435 fieri
622 395 799 453 nequit,
840 394 1017 449 iubent,
1055 393 1110 435 τὸ
1146 392 1319 450 γαρύων
1363 390 1483 446 dico,

174 467 263 509 hoc
291 467 404 510 inest
433 468 478 510 in
509 484 614 512 voce
631 455 876 524 ψεύσομαι,
904 469 1025 511 cuius
1055 469 1176 529 yet-hi
1199 464 1409 525 Σίσυφον
1437 474 1482 508 et

179 557 293 599 quae
325 552 567 601 sequuntur
598 543 754 585 directi
781 542 1009 585 accusativi
1041 552 1153 585 sunt.
1198 528 1286 586 Pro
1303 543 1356 583 οὐ
1374 542 1482 594 ψεύ-

175 613 313 672 δομαι
343 618 474 674 λέγων
504 617 609 660 τινά
639 631 686 659 τι
716 617 848 675 lyrica
877 611 1063 662 brevitas
1094 634 1145 660 ac
1172 618 1379 676 superbia
1411 616 1483 659 di-

172 692 232 735 cit
259 693 312 733 οὐ
343 688 569 747 ’ψεύδομαί
598 691 705 734 τινά
734 707 795 744 τι,
826 692 870 735 h.
900 709 937 736 e.
965 694 1016 734 οὐ
1048 690 1214 746 ψευδῶς
1244 692 1350 748 λέγω
1374 692 1481 733 τινά

170 782 229 808 τι.
289 767 361 810 Sic
390 782 473 825 pro
512 767 565 808 οὐ
602 762 823 822 ψεύδομαι
854 764 942 808 Δία
983 767 1116 823 λέγων
1152 763 1327 808 ὕπατον
1367 768 1480 808 θεῶν

171 841 260 884 dici
290 849 460 899 potest:
493 842 545 881 οὐ
578 838 799 897 ψεύδομαι
814 838 1106 884 Δίαῦπατον
1138 840 1263 884 θεῶν.
1323 841 1371 883 In
1392 841 1481 884 hoc

169 916 269 958 loco
303 916 370 957 vel
395 915 598 975 ‚additum
631 925 695 959 est
724 915 846 975 ἀμφὶ
878 914 1097 975 Κορίνθῳ,
1138 925 1188 959 ut
1217 916 1253 974 si
1294 914 1476 961 dixeris:

170 991 223 1031 οὐ
256 986 481 1045 ψεύδομαι
511 986 632 1048 ἀμφὶ
663 987 875 1046 οὐρανίων
904 991 1014 1047 γένει
1030 987 1121 1032 Δία
1151 987 1327 1051 ὕπατον
1351 988 1475 1032 θεῶν.

171 1065 323 1122 Itaque
354 1064 567 1109 Pindarus
598 1066 660 1109 sic
687 1066 906 1123 cogitavit:
937 1065 1015 1121 ἐγὼ
1048 1062 1097 1108 δὲ
1130 1062 1247 1114 ἴδιος.
1270 1066 1316 1108 ἑν
1347 1068 1477 1121 κοινῷ

169 1135 369 1192 σταλείς,
400 1137 530 1194 μῆτίν
560 1154 609 1180 τε
640 1141 809 1197 γαρύων
839 1139 1118 1195 παλαιγόνων
1145 1137 1342 1195 πόλεμόν
1366 1137 1407 1179 τ’
1426 1140 1472 1180 ἐν

167 1210 341 1271 ἡρωΐαις
370 1211 625 1271 ἀρεταῖσιν,
656 1215 707 1254 οὐ
734 1215 962 1269 ψεύσομαι
995 1213 1116 1272 α’μφὶ
1146 1211 1365 1272 Κορὶνὲῳε
1394 1215 1473 1254 Σί-

168 1295 316 1345 συφον
347 1288 426 1343 μὲν
458 1290 588 1338 (nunc
617 1287 915 1346 praedicatum
945 1288 1155 1346 sequitur)
1186 1287 1469 1330 πυκνότατον

166 1363 398 1418 παλάμαις
428 1365 481 1411 ὠς
507 1362 636 1415 θεόν,
665 1362 739 1413 καὶ
768 1363 853 1405 τὰν
886 1359 1090 1412 Μήδειαν
1131 1367 1262 1413 (nunc
1291 1363 1472 1422 praedi-

166 1440 324 1489 catum)
356 1434 434 1480 ναῒ
465 1436 682 1495 σώτειραν
703 1436 850 1496 Ἀργοῖ
880 1436 956 1479 καὶ
973 1437 1224 1497 προπόλοις.
1276 1437 1475 1481 Delenda

168 1514 297 1571 igitur
328 1522 547 1556 commata
576 1514 670 1568 illa,
705 1529 817 1571 quae
856 1514 1123 1556 accusativos
1164 1513 1418 1570 disiungunt
1449 1529 1474 1556 a

166 1588 301 1630 verbo
340 1603 448 1645 suo,
487 1587 737 1645 praedicata
774 1602 799 1630 a
836 1587 1056 1646 subiectiS.
1088 1609 1143 1618 —
1205 1586 1331 1642 Quae
1369 1602 1470 1630 cum

166 1663 328 1718 scribo,
361 1678 416 1705 ne
446 1663 601 1720 Heynii
632 1662 964 1705 adnotationem
997 1662 1269 1704 dissimulare
1305 1662 1471 1718 videar,

163 1738 241 1796 qui
274 1738 464 1796 scripsit:
506 1736 674 1796 γαρύων
713 1738 765 1779 οὐ
806 1738 1036 1793 ψεύσομαι
1076 1737 1121 1780 h.
1153 1752 1190 1780 e.
1222 1729 1380 1790 ψευδτῖ
1400 1753 1470 1794 γη-

162 1814 296 1869 ρύσω.
336 1811 541 1869 Σίσυφον
574 1828 632 1855 sc.
663 1812 882 1868 γεγονέναι
915 1821 960 1854 et
988 1812 1069 1860 τὴν
1080 1809 1282 1861 Μήδειαν
1309 1813 1473 1869 γεγονέ-

162 1902 238 1929 ναι
275 1885 491 1946 σώτειραν
521 1914 581 1924 --
608 1887 752 1930 verius
792 1887 864 1930 ille
899 1885 954 1929 τὸ
992 1886 1211 1944 γεγονέναι
1241 1888 1474 1931 omittebat

161 1977 336 2020 proque
366 1960 507 2015 ψευδῆ
536 1963 707 2019 γηρύσω
733 1963 971 2005 scribebat:
1002 1959 1167 2013 ψευδῶς
1196 1964 1383 2022 γηρύσρ,

284 2038 487 2095 Denique
520 2038 567 2080 in
597 2037 686 2081 fine
718 2038 924 2081 carminis
955 2038 1002 2080 in
1021 2053 1071 2081 -v-
1096 2040 1194 2081 114.
1222 2041 1306 2081 115
1337 2037 1469 2081 verba

164 2110 372 2153 editionis
410 2112 714 2153 Boeckhianae
751 2112 862 2153 mihi
901 2127 995 2153 non
1036 2127 1139 2154 sana
1177 2120 1288 2153 sunt.
1357 2112 1465 2154 Nam

162 2195 206 2229 ec
235 2185 480 2230 subiectum
501 2187 613 2228 mihi
644 2185 767 2228 deest
794 2189 945 2243 (quare
977 2202 1070 2229 non
1096 2201 1273 2244 possum
1294 2185 1469 2244 Oligae-

157 2258 307 2303 thidas
344 2260 559 2318 cogitare,
599 2259 677 2301 sed
710 2259 821 2301 nihil
854 2260 938 2302 nisi
978 2261 1087 2303 hoc:
1133 2259 1200 2301 fac
1241 2268 1467 2302 enatemus

161 2335 220 2386 (h.
244 2350 281 2377 e.
310 2334 517 2377 homines
547 2334 594 2376 in
613 2334 895 2391 universum),
924 2334 981 2378 da
1009 2335 1138 2378 nobis
1170 2342 1251 2377 etc.
1315 2333 1466 2390 Quod,

161 2411 241 2455 etsi
270 2409 566 2468 Oligaethidas
596 2425 688 2452 non
715 2409 919 2466 excludit,
949 2426 1066 2454 nuno
1093 2426 1186 2452 non
1214 2418 1365 2468 aptum
1398 2410 1464 2451 vi-

161 2486 307 2540 detur)
341 2496 384 2530 et
425 2486 609 2545 copula,
647 2485 708 2527 ita
748 2493 797 2527 ut
834 2485 944 2528 mihi
987 2485 1182 2528 audienti
1225 2484 1471 2528 infinitivus

155 2564 358 2606 ἐκνεῦσαι
376 2561 619 2605 necessario
642 2559 832 2619 pendeat
864 2575 888 2602 e
914 2561 1066 2616 verbo,
1098 2558 1223 2619 quod
1250 2560 1469 2618 sequitur,
