<?xml version="1.0" encoding="UTF-8"?>
<!DOCTYPE html PUBLIC "-//W3C//DTD XHTML 1.0 Transitional//EN"
    "http://www.w3.org/TR/xhtml1/DTD/xhtml1-transitional.dtd">
<html xmlns="http://www.w3.org/1999/xhtml" xml:lang="en" lang="en">
 <head>
  <title>
</title>
<meta http-equiv="Content-Type" content="text/html;charset=utf-8" />
  <meta name='ocr-system' content='tesseract 3.04.00' />
  <meta name='ocr-capabilities' content='ocr_page ocr_carea ocr_par ocr_line ocrx_word'/>
</head>
<body>
  <div class='ocr_page' id='page_1' title='image "4630637_0078.png"; bbox 0 0 1783 3070; ppageno 0'>
   <div class='ocr_carea' id='block_1_1' title="bbox 765 173 1061 215">
    <p class='ocr_par' dir='ltr' id='par_1_1' title="bbox 765 173 1061 215">
     <span class='ocr_line' id='line_1_1' title="bbox 765 173 1061 215; baseline -0.007 -13"><span class='ocrx_word' id='word_1_1' title='bbox 765 173 1061 215; x_wconf 75' lang='lat'>..68—</span> 
     </span>
    </p>
   </div>
   <div class='ocr_carea' id='block_1_2' title="bbox 252 289 1573 2602">
    <p class='ocr_par' dir='ltr' id='par_1_2' title="bbox 256 289 1572 1162">
     <span class='ocr_line' id='line_1_2' title="bbox 257 289 1572 353; baseline -0.001 -18"><span class='ocrx_word' id='word_1_2' title='bbox 257 296 429 350; x_wconf 75' lang='lat' dir='ltr'>eorum,</span> <span class='ocrx_word' id='word_1_3' title='bbox 457 295 534 353; x_wconf 86' lang='lat' dir='ltr'>qui</span> <span class='ocrx_word' id='word_1_4' title='bbox 566 293 793 337; x_wconf 86' lang='lat' dir='ltr'>victoriam</span> <span class='ocrx_word' id='word_1_5' title='bbox 825 300 1013 351; x_wconf 83' lang='lat' dir='ltr'>sperant.</span> <span class='ocrx_word' id='word_1_6' title='bbox 1078 290 1185 334; x_wconf 74' lang='grc' dir='ltr'><em>Οὐδ’</em></span> <span class='ocrx_word' id='word_1_7' title='bbox 1218 292 1389 337; x_wconf 81' lang='grc' dir='ltr'><strong><em>ὁπόσαι</em></strong></span> <span class='ocrx_word' id='word_1_8' title='bbox 1422 289 1572 335; x_wconf 87' lang='grc' dir='ltr'><em>δαπά-</em></span> 
     </span>
     <span class='ocr_line' id='line_1_3' title="bbox 257 366 1571 428; baseline 0.002 -18"><span class='ocrx_word' id='word_1_9' title='bbox 257 378 346 411; x_wconf 85' lang='grc' dir='ltr'>ναι</span> <span class='ocrx_word' id='word_1_10' title='bbox 367 366 555 412; x_wconf 80' lang='grc' dir='ltr'><em>ἐλπίδων</em></span> <span class='ocrx_word' id='word_1_11' title='bbox 576 368 709 412; x_wconf 76' lang='grc' dir='ltr'><em>ἕκνισ’</em></span> <span class='ocrx_word' id='word_1_12' title='bbox 726 366 826 411; x_wconf 78' lang='grc' dir='ltr'><em>ὄπιν</em></span> <span class='ocrx_word' id='word_1_13' title='bbox 847 368 1076 427; x_wconf 81' lang='lat' dir='ltr'>significat:</span> <span class='ocrx_word' id='word_1_14' title='bbox 1108 384 1192 411; x_wconf 87' lang='lat' dir='ltr'>nee</span> <span class='ocrx_word' id='word_1_15' title='bbox 1207 378 1433 428; x_wconf 73' lang='lat' dir='ltr'><strong>quotquot</strong></span> <span class='ocrx_word' id='word_1_16' title='bbox 1450 385 1571 412; x_wconf 88' lang='lat' dir='ltr'>sum-</span> 
     </span>
     <span class='ocr_line' id='line_1_4' title="bbox 257 442 1570 503; baseline -0.002 -16"><span class='ocrx_word' id='word_1_17' title='bbox 257 454 327 488; x_wconf 83' lang='lat' dir='ltr'>tus</span> <span class='ocrx_word' id='word_1_18' title='bbox 359 448 386 487; x_wconf 91' lang='lat' dir='ltr'>i.</span> <span class='ocrx_word' id='word_1_19' title='bbox 422 462 458 487; x_wconf 89' lang='lat' dir='ltr'>e.</span> <span class='ocrx_word' id='word_1_20' title='bbox 502 446 678 503; x_wconf 87' lang='lat' dir='ltr'>quoties</span> <span class='ocrx_word' id='word_1_21' title='bbox 705 452 1000 500; x_wconf 75' lang='lat' dir='ltr'>certaverunt,</span> <span class='ocrx_word' id='word_1_22' title='bbox 1031 444 1145 486; x_wconf 87' lang='lat' dir='ltr'>laesa</span> <span class='ocrx_word' id='word_1_23' title='bbox 1184 444 1237 486; x_wconf 89' lang='lat' dir='ltr'>iis</span> <span class='ocrx_word' id='word_1_24' title='bbox 1277 453 1342 486; x_wconf 81' lang='lat' dir='ltr'>est</span> <span class='ocrx_word' id='word_1_25' title='bbox 1383 442 1570 486; x_wconf 83' lang='grc' dir='ltr'><strong><em>ἐλπίδων</em></strong></span> 
     </span>
     <span class='ocr_line' id='line_1_5' title="bbox 258 517 1569 578; baseline 0.001 -17"><span class='ocrx_word' id='word_1_26' title='bbox 258 517 355 568; x_wconf 85' lang='grc' dir='ltr'><em>ὅπις</em></span> <span class='ocrx_word' id='word_1_27' title='bbox 375 521 420 562; x_wconf 92' lang='lat' dir='ltr'>h.</span> <span class='ocrx_word' id='word_1_28' title='bbox 443 535 480 561; x_wconf 90' lang='lat' dir='ltr'>e.</span> <span class='ocrx_word' id='word_1_29' title='bbox 502 535 678 578; x_wconf 86' lang='lat' dir='ltr'>semper</span> <span class='ocrx_word' id='word_1_30' title='bbox 708 521 917 563; x_wconf 86' lang='lat' dir='ltr'>vicerunt.</span> <span class='ocrx_word' id='word_1_31' title='bbox 964 518 1198 577; x_wconf 84' lang='lat' dir='ltr'>Singularis</span> <span class='ocrx_word' id='word_1_32' title='bbox 1225 520 1437 577; x_wconf 86' lang='lat' dir='ltr'>sequitur,</span> <span class='ocrx_word' id='word_1_33' title='bbox 1463 520 1569 578; x_wconf 89' lang='lat' dir='ltr'>quia</span> 
     </span>
     <span class='ocr_line' id='line_1_6' title="bbox 256 593 1569 655; baseline -0.001 -17"><span class='ocrx_word' id='word_1_34' title='bbox 256 596 423 653; x_wconf 84' lang='lat' dir='ltr'>singula</span> <span class='ocrx_word' id='word_1_35' title='bbox 456 597 697 638; x_wconf 86' lang='lat' dir='ltr'>certamina</span> <span class='ocrx_word' id='word_1_36' title='bbox 726 596 984 655; x_wconf 74' lang='lat' dir='ltr'>cogitantur.</span> <span class='ocrx_word' id='word_1_37' title='bbox 1048 593 1183 649; x_wconf 87' lang='lat' dir='ltr'>Quod</span> <span class='ocrx_word' id='word_1_38' title='bbox 1215 594 1275 637; x_wconf 82' lang='lat' dir='ltr'>illi</span> <span class='ocrx_word' id='word_1_39' title='bbox 1308 595 1569 653; x_wconf 82' lang='lat' dir='ltr'>intelligunt,</span> 
     </span>
     <span class='ocr_line' id='line_1_7' title="bbox 256 666 1569 728; baseline -0.001 -17"><span class='ocrx_word' id='word_1_40' title='bbox 256 671 334 727; x_wconf 89' lang='lat' dir='ltr'>qui</span> <span class='ocrx_word' id='word_1_41' title='bbox 366 671 644 728; x_wconf 85' lang='lat' dir='ltr'>coniungunt</span> <span class='ocrx_word' id='word_1_42' title='bbox 673 668 874 712; x_wconf 80' lang='grc' dir='ltr'><em>δαπάναι</em></span> <span class='ocrx_word' id='word_1_43' title='bbox 905 666 1090 711; x_wconf 82' lang='grc' dir='ltr'><em>ἐλπίδων</em></span> <span class='ocrx_word' id='word_1_44' title='bbox 1122 673 1250 727; x_wconf 83' lang='lat' dir='ltr'>(quae</span> <span class='ocrx_word' id='word_1_45' title='bbox 1288 668 1424 711; x_wconf 88' lang='lat' dir='ltr'>dictio</span> <span class='ocrx_word' id='word_1_46' title='bbox 1457 670 1569 711; x_wconf 85' lang='lat' dir='ltr'>mihi</span> 
     </span>
     <span class='ocr_line' id='line_1_8' title="bbox 258 744 1572 805; baseline -0.001 -17"><span class='ocrx_word' id='word_1_47' title='bbox 258 745 444 803; x_wconf 85' lang='lat' dir='ltr'>quidem</span> <span class='ocrx_word' id='word_1_48' title='bbox 476 762 657 805; x_wconf 88' lang='lat' dir='ltr'>prorsus</span> <span class='ocrx_word' id='word_1_49' title='bbox 698 748 863 789; x_wconf 87' lang='lat' dir='ltr'>absona</span> <span class='ocrx_word' id='word_1_50' title='bbox 900 762 994 789; x_wconf 91' lang='lat' dir='ltr'>non</span> <span class='ocrx_word' id='word_1_51' title='bbox 1042 746 1183 789; x_wconf 87' lang='lat' dir='ltr'>solum</span> <span class='ocrx_word' id='word_1_52' title='bbox 1226 745 1280 788; x_wconf 84' lang='lat' dir='ltr'>ab</span> <span class='ocrx_word' id='word_1_53' title='bbox 1326 744 1415 788; x_wconf 94' lang='lat' dir='ltr'>hoc</span> <span class='ocrx_word' id='word_1_54' title='bbox 1455 745 1572 801; x_wconf 83' lang='lat' dir='ltr'>loco,</span> 
     </span>
     <span class='ocr_line' id='line_1_9' title="bbox 257 820 1570 878; baseline -0.002 -15"><span class='ocrx_word' id='word_1_55' title='bbox 257 821 336 863; x_wconf 88' lang='lat' dir='ltr'>sed</span> <span class='ocrx_word' id='word_1_56' title='bbox 368 836 392 863; x_wconf 81' lang='lat' dir='ltr'>a</span> <span class='ocrx_word' id='word_1_57' title='bbox 423 821 659 876; x_wconf 74' lang='lat' dir='ltr'>Pindaro),</span> <span class='ocrx_word' id='word_1_58' title='bbox 693 820 749 863; x_wconf 90' lang='lat' dir='ltr'>de</span> <span class='ocrx_word' id='word_1_59' title='bbox 782 820 1080 878; x_wconf 77' lang='lat' dir='ltr'>Cleonymidis</span> <span class='ocrx_word' id='word_1_60' title='bbox 1112 820 1199 862; x_wconf 90' lang='lat' dir='ltr'>dici</span> <span class='ocrx_word' id='word_1_61' title='bbox 1230 820 1376 877; x_wconf 87' lang='lat' dir='ltr'>potuit</span> <span class='ocrx_word' id='word_1_62' title='bbox 1406 820 1570 875; x_wconf 77' lang='lat' dir='ltr'>aliisve,</span> 
     </span>
     <span class='ocr_line' id='line_1_10' title="bbox 258 895 1572 953; baseline -0.002 -14"><span class='ocrx_word' id='word_1_63' title='bbox 258 897 336 953; x_wconf 89' lang='lat' dir='ltr'>qui</span> <span class='ocrx_word' id='word_1_64' title='bbox 369 896 629 939; x_wconf 79' lang='lat' dir='ltr'>certaverint</span> <span class='ocrx_word' id='word_1_65' title='bbox 658 896 752 937; x_wconf 86' lang='lat' dir='ltr'>sine</span> <span class='ocrx_word' id='word_1_66' title='bbox 784 896 1005 951; x_wconf 69' lang='lat' dir='ltr'>victoriis,</span> <span class='ocrx_word' id='word_1_67' title='bbox 1045 912 1137 938; x_wconf 90' lang='lat' dir='ltr'>non</span> <span class='ocrx_word' id='word_1_68' title='bbox 1179 895 1234 938; x_wconf 91' lang='lat' dir='ltr'>de</span> <span class='ocrx_word' id='word_1_69' title='bbox 1274 903 1403 953; x_wconf 82' lang='lat' dir='ltr'>gente</span> <span class='ocrx_word' id='word_1_70' title='bbox 1441 895 1572 939; x_wconf 85' lang='lat' dir='ltr'>huius</span> 
     </span>
     <span class='ocr_line' id='line_1_11' title="bbox 259 968 1571 1028; baseline 0 -16"><span class='ocrx_word' id='word_1_71' title='bbox 259 970 478 1012; x_wconf 82' lang='lat' dir='ltr'>carminis.</span> <span class='ocrx_word' id='word_1_72' title='bbox 541 970 694 1027; x_wconf 85' lang='lat' dir='ltr'>ltaque</span> <span class='ocrx_word' id='word_1_73' title='bbox 714 977 866 1026; x_wconf 86' lang='lat' dir='ltr'>poeta:</span> <span class='ocrx_word' id='word_1_74' title='bbox 901 968 1097 1012; x_wconf 88' lang='lat' dir='ltr'>Cleonici</span> <span class='ocrx_word' id='word_1_75' title='bbox 1112 970 1269 1027; x_wconf 74' lang='lat' dir='ltr'>gentis,</span> <span class='ocrx_word' id='word_1_76' title='bbox 1301 970 1462 1028; x_wconf 71' lang='lat' dir='ltr'>inquit,</span> <span class='ocrx_word' id='word_1_77' title='bbox 1489 970 1571 1012; x_wconf 79' lang='lat' dir='ltr'>viri</span> 
     </span>
     <span class='ocr_line' id='line_1_12' title="bbox 256 1044 1572 1103; baseline 0.001 -16"><span class='ocrx_word' id='word_1_78' title='bbox 256 1061 431 1102; x_wconf 82' lang='lat' dir='ltr'><strong>semper</strong></span> <span class='ocrx_word' id='word_1_79' title='bbox 447 1054 490 1087; x_wconf 89' lang='lat' dir='ltr'>et</span> <span class='ocrx_word' id='word_1_80' title='bbox 506 1045 767 1087; x_wconf 74' lang='lat' dir='ltr'>laborabant</span> <span class='ocrx_word' id='word_1_81' title='bbox 782 1045 828 1086; x_wconf 89' lang='lat' dir='ltr'>in</span> <span class='ocrx_word' id='word_1_82' title='bbox 843 1045 974 1086; x_wconf 86' lang='lat' dir='ltr'>rebus</span> <span class='ocrx_word' id='word_1_83' title='bbox 987 1044 1266 1102; x_wconf 84' lang='lat' dir='ltr'>gymnasticis</span> <span class='ocrx_word' id='word_1_84' title='bbox 1287 1054 1330 1087; x_wconf 83' lang='lat' dir='ltr'>et</span> <span class='ocrx_word' id='word_1_85' title='bbox 1351 1047 1572 1103; x_wconf 87' lang='lat' dir='ltr'>impensas</span> 
     </span>
     <span class='ocr_line' id='line_1_13' title="bbox 258 1118 1568 1162; baseline -0.001 -1"><span class='ocrx_word' id='word_1_86' title='bbox 258 1120 477 1162; x_wconf 77' lang='lat' dir='ltr'>faciebant</span> <span class='ocrx_word' id='word_1_87' title='bbox 499 1120 546 1161; x_wconf 92' lang='lat' dir='ltr'>in</span> <span class='ocrx_word' id='word_1_88' title='bbox 570 1119 883 1161; x_wconf 87' lang='lat' dir='ltr'>certaminibus</span> <span class='ocrx_word' id='word_1_89' title='bbox 904 1118 1133 1161; x_wconf 85' lang='lat' dir='ltr'>adeundis.</span> <span class='ocrx_word' id='word_1_90' title='bbox 1169 1119 1379 1162; x_wconf 86' lang='lat' dir='ltr'>Neutrum</span> <span class='ocrx_word' id='word_1_91' title='bbox 1399 1120 1568 1162; x_wconf 81' lang='lat' dir='ltr'>frustra.</span> 
     </span>
    </p>

    <p class='ocr_par' dir='ltr' id='par_1_3' title="bbox 252 1193 1573 2602">
     <span class='ocr_line' id='line_1_14' title="bbox 376 1193 1571 1252; baseline 0.001 -16"><span class='ocrx_word' id='word_1_92' title='bbox 376 1195 581 1252; x_wconf 86' lang='lat' dir='ltr'>Denique</span> <span class='ocrx_word' id='word_1_93' title='bbox 613 1194 845 1252; x_wconf 84' lang='lat' dir='ltr'>sequentia</span> <span class='ocrx_word' id='word_1_94' title='bbox 875 1195 1028 1237; x_wconf 85' lang='lat' dir='ltr'>verba:</span> <span class='ocrx_word' id='word_1_95' title='bbox 1062 1194 1190 1236; x_wconf 77' lang='grc' dir='ltr'><em>αἰνέω</em></span> <span class='ocrx_word' id='word_1_96' title='bbox 1222 1193 1295 1235; x_wconf 83' lang='grc' dir='ltr'><em>καὶ</em></span> <span class='ocrx_word' id='word_1_97' title='bbox 1321 1194 1505 1237; x_wconf 81' lang='grc' dir='ltr'><em>Πυθέαν</em></span> <span class='ocrx_word' id='word_1_98' title='bbox 1525 1196 1571 1237; x_wconf 80' lang='grc' dir='ltr'>ἐν</span> 
     </span>
     <span class='ocr_line' id='line_1_15' title="bbox 252 1266 1573 1329; baseline 0.002 -19"><span class='ocrx_word' id='word_1_99' title='bbox 252 1267 515 1326; x_wconf 70' lang='grc' dir='ltr'><em>γυιοδάμαις</em></span> <span class='ocrx_word' id='word_1_100' title='bbox 554 1266 786 1326; x_wconf 76' lang='grc' dir='ltr'><em>Φυλακίδᾳ</em></span> <span class='ocrx_word' id='word_1_101' title='bbox 831 1269 1007 1326; x_wconf 74' lang='grc' dir='ltr'><em>πλαγᾶν</em></span> <span class='ocrx_word' id='word_1_102' title='bbox 1049 1267 1215 1328; x_wconf 77' lang='grc' dir='ltr'><em>δρόμον</em></span> <span class='ocrx_word' id='word_1_103' title='bbox 1266 1270 1573 1329; x_wconf 77' lang='grc' dir='ltr'><em>εὐθυπορῆσαι</em></span> 
     </span>
     <span class='ocr_line' id='line_1_16' title="bbox 253 1341 1572 1404; baseline 0.002 -19"><span class='ocrx_word' id='word_1_104' title='bbox 253 1345 412 1402; x_wconf 80' lang='grc' dir='ltr'><em>χερσί,</em></span> <span class='ocrx_word' id='word_1_105' title='bbox 444 1341 588 1394; x_wconf 79' lang='grc' dir='ltr'><em>δεξιὸν</em></span> <span class='ocrx_word' id='word_1_106' title='bbox 613 1344 698 1400; x_wconf 83' lang='grc' dir='ltr'>νόῳ</span> <span class='ocrx_word' id='word_1_107' title='bbox 731 1343 980 1386; x_wconf 80' lang='grc' dir='ltr'><em>ἀντίπαλον</em></span> <span class='ocrx_word' id='word_1_108' title='bbox 1014 1344 1162 1387; x_wconf 86' lang='lat' dir='ltr'>denuo</span> <span class='ocrx_word' id='word_1_109' title='bbox 1195 1346 1323 1387; x_wconf 84' lang='lat' dir='ltr'>liceat</span> <span class='ocrx_word' id='word_1_110' title='bbox 1354 1346 1572 1404; x_wconf 87' lang='lat' dir='ltr'>interpre-</span> 
     </span>
     <span class='ocr_line' id='line_1_17' title="bbox 254 1418 1568 1477; baseline 0.001 -15"><span class='ocrx_word' id='word_1_111' title='bbox 254 1420 352 1462; x_wconf 84' lang='lat' dir='ltr'>tari.</span> <span class='ocrx_word' id='word_1_112' title='bbox 422 1418 485 1461; x_wconf 83' lang='lat' dir='ltr'>Ac</span> <span class='ocrx_word' id='word_1_113' title='bbox 526 1420 722 1477; x_wconf 87' lang='lat' dir='ltr'>primum</span> <span class='ocrx_word' id='word_1_114' title='bbox 767 1419 1039 1477; x_wconf 84' lang='lat' dir='ltr'>iungendum</span> <span class='ocrx_word' id='word_1_115' title='bbox 1083 1436 1183 1462; x_wconf 89' lang='lat' dir='ltr'>cum</span> <span class='ocrx_word' id='word_1_116' title='bbox 1224 1420 1477 1463; x_wconf 87' lang='lat' dir='ltr'>Hermanno</span> <span class='ocrx_word' id='word_1_117' title='bbox 1521 1423 1568 1462; x_wconf 81' lang='grc' dir='ltr'>ἐν</span> 
     </span>
     <span class='ocr_line' id='line_1_18' title="bbox 255 1491 1569 1553; baseline 0.003 -19"><span class='ocrx_word' id='word_1_118' title='bbox 255 1491 521 1549; x_wconf 73' lang='grc' dir='ltr'><em>γυιοδάμαις</em></span> <span class='ocrx_word' id='word_1_119' title='bbox 551 1493 710 1552; x_wconf 75' lang='grc' dir='ltr'><em>χερσί,</em></span> <span class='ocrx_word' id='word_1_120' title='bbox 741 1509 854 1551; x_wconf 88' lang='lat' dir='ltr'>quae</span> <span class='ocrx_word' id='word_1_121' title='bbox 887 1495 944 1536; x_wconf 87' lang='lat' dir='ltr'>ita</span> <span class='ocrx_word' id='word_1_122' title='bbox 977 1494 1167 1552; x_wconf 82' lang='lat' dir='ltr'>disiungi</span> <span class='ocrx_word' id='word_1_123' title='bbox 1199 1503 1418 1551; x_wconf 76' lang='lat' dir='ltr'>poterant,</span> <span class='ocrx_word' id='word_1_124' title='bbox 1450 1497 1569 1553; x_wconf 75' lang='lat' dir='ltr'>quia,</span> 
     </span>
     <span class='ocr_line' id='line_1_19' title="bbox 256 1568 1567 1627; baseline 0.002 -17"><span class='ocrx_word' id='word_1_125' title='bbox 256 1584 372 1625; x_wconf 87' lang='lat' dir='ltr'>quae</span> <span class='ocrx_word' id='word_1_126' title='bbox 398 1569 660 1626; x_wconf 84' lang='lat' dir='ltr'>interposita</span> <span class='ocrx_word' id='word_1_127' title='bbox 690 1577 805 1624; x_wconf 75' lang='lat' dir='ltr'>sunt,</span> <span class='ocrx_word' id='word_1_128' title='bbox 837 1568 893 1610; x_wconf 89' lang='lat' dir='ltr'>ad</span> <span class='ocrx_word' id='word_1_129' title='bbox 924 1584 1082 1611; x_wconf 84' lang='lat' dir='ltr'>manus</span> <span class='ocrx_word' id='word_1_130' title='bbox 1110 1569 1301 1626; x_wconf 79' lang='lat' dir='ltr'>Pytheae</span> <span class='ocrx_word' id='word_1_131' title='bbox 1332 1570 1567 1627; x_wconf 83' lang='lat' dir='ltr'>pertinent.</span> 
     </span>
     <span class='ocr_line' id='line_1_20' title="bbox 252 1643 1568 1701; baseline 0.001 -16"><span class='ocrx_word' id='word_1_132' title='bbox 252 1643 513 1700; x_wconf 83' lang='lat' dir='ltr'>Significant</span> <span class='ocrx_word' id='word_1_133' title='bbox 545 1644 687 1699; x_wconf 78' lang='lat' dir='ltr'>enim,</span> <span class='ocrx_word' id='word_1_134' title='bbox 718 1644 931 1701; x_wconf 83' lang='lat' dir='ltr'>Pytheam</span> <span class='ocrx_word' id='word_1_135' title='bbox 966 1643 1143 1685; x_wconf 84' lang='lat' dir='ltr'>fratrem</span> <span class='ocrx_word' id='word_1_136' title='bbox 1186 1644 1403 1686; x_wconf 88' lang='lat' dir='ltr'>iuniorem</span> <span class='ocrx_word' id='word_1_137' title='bbox 1443 1645 1568 1687; x_wconf 90' lang='lat' dir='ltr'>insti-</span> 
     </span>
     <span class='ocr_line' id='line_1_21' title="bbox 254 1715 1570 1779; baseline 0.002 -19"><span class='ocrx_word' id='word_1_138' title='bbox 254 1718 389 1760; x_wconf 85' lang='lat' dir='ltr'>tuisse</span> <span class='ocrx_word' id='word_1_139' title='bbox 432 1718 479 1760; x_wconf 89' lang='lat' dir='ltr'>in</span> <span class='ocrx_word' id='word_1_140' title='bbox 516 1718 758 1776; x_wconf 87' lang='lat' dir='ltr'>pancratio.</span> <span class='ocrx_word' id='word_1_141' title='bbox 821 1718 931 1762; x_wconf 87' lang='lat' dir='ltr'>Nam</span> <span class='ocrx_word' id='word_1_142' title='bbox 958 1718 1136 1775; x_wconf 81' lang='grc' dir='ltr'><em>πλαγᾶν</em></span> <span class='ocrx_word' id='word_1_143' title='bbox 1167 1715 1332 1779; x_wconf 74' lang='grc' dir='ltr'><em>δρόμος</em></span> <span class='ocrx_word' id='word_1_144' title='bbox 1360 1736 1452 1762; x_wconf 92' lang='lat' dir='ltr'>non</span> <span class='ocrx_word' id='word_1_145' title='bbox 1484 1736 1570 1779; x_wconf 88' lang='lat' dir='ltr'>po-</span> 
     </span>
     <span class='ocr_line' id='line_1_22' title="bbox 254 1793 1565 1851; baseline 0.003 -18"><span class='ocrx_word' id='word_1_146' title='bbox 254 1801 339 1834; x_wconf 86' lang='lat' dir='ltr'>test</span> <span class='ocrx_word' id='word_1_147' title='bbox 370 1793 517 1834; x_wconf 84' lang='lat' dir='ltr'>dicere</span> <span class='ocrx_word' id='word_1_148' title='bbox 549 1794 633 1834; x_wconf 86' lang='lat' dir='ltr'>nisi</span> <span class='ocrx_word' id='word_1_149' title='bbox 665 1794 891 1851; x_wconf 86' lang='lat' dir='ltr'>plagarum</span> <span class='ocrx_word' id='word_1_150' title='bbox 923 1794 968 1835; x_wconf 90' lang='lat' dir='ltr'>in</span> <span class='ocrx_word' id='word_1_151' title='bbox 1007 1795 1236 1851; x_wconf 84' lang='lat' dir='ltr'>pancratio</span> <span class='ocrx_word' id='word_1_152' title='bbox 1282 1796 1397 1837; x_wconf 89' lang='lat' dir='ltr'>viam</span> <span class='ocrx_word' id='word_1_153' title='bbox 1430 1796 1565 1837; x_wconf 88' lang='lat' dir='ltr'>ratio—</span> 
     </span>
     <span class='ocr_line' id='line_1_23' title="bbox 257 1864 1568 1927; baseline 0.003 -19"><span class='ocrx_word' id='word_1_154' title='bbox 257 1882 468 1923; x_wconf 78' lang='lat' dir='ltr'>nemque,</span> <span class='ocrx_word' id='word_1_155' title='bbox 502 1882 589 1923; x_wconf 91' lang='lat' dir='ltr'>qua</span> <span class='ocrx_word' id='word_1_156' title='bbox 621 1868 728 1909; x_wconf 84' lang='lat' dir='ltr'>alter</span> <span class='ocrx_word' id='word_1_157' title='bbox 758 1868 942 1909; x_wconf 86' lang='lat' dir='ltr'>alterum</span> <span class='ocrx_word' id='word_1_158' title='bbox 973 1868 1096 1924; x_wconf 84' lang='lat' dir='ltr'>petit.</span> <span class='ocrx_word' id='word_1_159' title='bbox 1140 1869 1260 1910; x_wconf 90' lang='lat' dir='ltr'>Hanc</span> <span class='ocrx_word' id='word_1_160' title='bbox 1290 1871 1325 1912; x_wconf 93' lang='lat' dir='ltr'>si</span> <span class='ocrx_word' id='word_1_161' title='bbox 1365 1864 1464 1927; x_wconf 86' lang='lat' dir='ltr'>quis</span> <span class='ocrx_word' id='word_1_162' title='bbox 1496 1871 1568 1913; x_wconf 85' lang='lat' dir='ltr'>alii</span> 
     </span>
     <span class='ocr_line' id='line_1_24' title="bbox 256 1939 1571 2001; baseline 0.003 -19"><span class='ocrx_word' id='word_1_163' title='bbox 256 1940 418 1982; x_wconf 88' lang='lat' dir='ltr'>dicitur</span> <span class='ocrx_word' id='word_1_164' title='bbox 449 1939 755 1997; x_wconf 77' lang='grc' dir='ltr'><em>εὐθυπορῆσαι</em></span> <span class='ocrx_word' id='word_1_165' title='bbox 781 1943 827 1982; x_wconf 80' lang='grc' dir='ltr'>ἐν</span> <span class='ocrx_word' id='word_1_166' title='bbox 857 1940 1034 1998; x_wconf 79' lang='grc' dir='ltr'><em>χερσίν,</em></span> <span class='ocrx_word' id='word_1_167' title='bbox 1068 1942 1270 2001; x_wconf 80' lang='lat' dir='ltr'>intelligis</span> <span class='ocrx_word' id='word_1_168' title='bbox 1310 1952 1571 2001; x_wconf 87' lang='lat' dir='ltr'>praecepto-</span> 
     </span>
     <span class='ocr_line' id='line_1_25' title="bbox 255 2015 1569 2073; baseline 0.002 -15"><span class='ocrx_word' id='word_1_169' title='bbox 255 2031 363 2058; x_wconf 84' lang='lat' dir='ltr'>rem.</span> <span class='ocrx_word' id='word_1_170' title='bbox 441 2015 549 2059; x_wconf 88' lang='lat' dir='ltr'>Nam</span> <span class='ocrx_word' id='word_1_171' title='bbox 598 2017 904 2073; x_wconf 72' lang='grc' dir='ltr'><em>εὐθυπορῆσαι</em></span> <span class='ocrx_word' id='word_1_172' title='bbox 939 2017 1002 2059; x_wconf 92' lang='lat' dir='ltr'>sic</span> <span class='ocrx_word' id='word_1_173' title='bbox 1042 2017 1179 2060; x_wconf 88' lang='lat' dir='ltr'>active</span> <span class='ocrx_word' id='word_1_174' title='bbox 1231 2017 1410 2061; x_wconf 84' lang='lat' dir='ltr'>dieitur:</span> <span class='ocrx_word' id='word_1_175' title='bbox 1453 2028 1569 2061; x_wconf 84' lang='lat' dir='ltr'>recte</span> 
     </span>
     <span class='ocr_line' id='line_1_26' title="bbox 255 2089 1570 2149; baseline 0.003 -17"><span class='ocrx_word' id='word_1_176' title='bbox 255 2089 459 2146; x_wconf 76' lang='lat' dir='ltr'>duxisse,</span> <span class='ocrx_word' id='word_1_177' title='bbox 493 2090 714 2133; x_wconf 86' lang='lat' dir='ltr'>direxisse.</span> <span class='ocrx_word' id='word_1_178' title='bbox 788 2092 939 2149; x_wconf 88' lang='lat' dir='ltr'>Itaque</span> <span class='ocrx_word' id='word_1_179' title='bbox 968 2092 1154 2149; x_wconf 83' lang='lat' dir='ltr'>Pytheas</span> <span class='ocrx_word' id='word_1_180' title='bbox 1193 2093 1238 2134; x_wconf 90' lang='lat' dir='ltr'>in</span> <span class='ocrx_word' id='word_1_181' title='bbox 1279 2093 1368 2135; x_wconf 87' lang='lat' dir='ltr'>fine</span> <span class='ocrx_word' id='word_1_182' title='bbox 1411 2094 1570 2136; x_wconf 90' lang='lat' dir='ltr'>carmi-</span> 
     </span>
     <span class='ocr_line' id='line_1_27' title="bbox 254 2166 1571 2226; baseline 0.004 -20"><span class='ocrx_word' id='word_1_183' title='bbox 254 2166 321 2207; x_wconf 87' lang='lat' dir='ltr'>nis</span> <span class='ocrx_word' id='word_1_184' title='bbox 360 2166 418 2208; x_wconf 91' lang='lat' dir='ltr'>de</span> <span class='ocrx_word' id='word_1_185' title='bbox 460 2166 645 2209; x_wconf 89' lang='lat' dir='ltr'>victoria</span> <span class='ocrx_word' id='word_1_186' title='bbox 690 2166 831 2209; x_wconf 81' lang='lat' dir='ltr'>fratris</span> <span class='ocrx_word' id='word_1_187' title='bbox 882 2175 1082 2223; x_wconf 77' lang='lat' dir='ltr'>cantato,</span> <span class='ocrx_word' id='word_1_188' title='bbox 1127 2176 1176 2210; x_wconf 90' lang='lat' dir='ltr'>ut</span> <span class='ocrx_word' id='word_1_189' title='bbox 1222 2169 1325 2210; x_wconf 82' lang='lat' dir='ltr'>alibi</span> <span class='ocrx_word' id='word_1_190' title='bbox 1366 2170 1571 2226; x_wconf 87' lang='lat' dir='ltr'>magister</span> 
     </span>
     <span class='ocr_line' id='line_1_28' title="bbox 253 2240 1570 2302; baseline 0.004 -21"><span class='ocrx_word' id='word_1_191' title='bbox 253 2240 455 2297; x_wconf 70' lang='lat' dir='ltr'>victoris,</span> <span class='ocrx_word' id='word_1_192' title='bbox 485 2241 701 2284; x_wconf 89' lang='lat' dir='ltr'>laudatur.</span> <span class='ocrx_word' id='word_1_193' title='bbox 766 2240 1022 2285; x_wconf 87' lang='lat' dir='ltr'>Cuiusmodi</span> <span class='ocrx_word' id='word_1_194' title='bbox 1054 2243 1223 2301; x_wconf 88' lang='lat' dir='ltr'>aliquid</span> <span class='ocrx_word' id='word_1_195' title='bbox 1265 2245 1391 2302; x_wconf 89' lang='lat' dir='ltr'>sequi</span> <span class='ocrx_word' id='word_1_196' title='bbox 1423 2244 1570 2286; x_wconf 82' lang='lat' dir='ltr'>statim</span> 
     </span>
     <span class='ocr_line' id='line_1_29' title="bbox 253 2316 1572 2377; baseline 0.002 -20"><span class='ocrx_word' id='word_1_197' title='bbox 253 2316 308 2357; x_wconf 88' lang='lat' dir='ltr'>ab</span> <span class='ocrx_word' id='word_1_198' title='bbox 343 2317 469 2359; x_wconf 80' lang='lat' dir='ltr'>initio</span> <span class='ocrx_word' id='word_1_199' title='bbox 502 2317 652 2373; x_wconf 79' lang='lat' dir='ltr'>sentis,</span> <span class='ocrx_word' id='word_1_200' title='bbox 681 2317 758 2358; x_wconf 90' lang='lat' dir='ltr'>ubi</span> <span class='ocrx_word' id='word_1_201' title='bbox 786 2326 887 2374; x_wconf 89' lang='lat' dir='ltr'>post</span> <span class='ocrx_word' id='word_1_202' title='bbox 915 2319 1051 2360; x_wconf 89' lang='lat' dir='ltr'>totius</span> <span class='ocrx_word' id='word_1_203' title='bbox 1073 2319 1215 2376; x_wconf 86' lang='lat' dir='ltr'>gentis</span> <span class='ocrx_word' id='word_1_204' title='bbox 1240 2319 1392 2362; x_wconf 89' lang='lat' dir='ltr'>laudes</span> <span class='ocrx_word' id='word_1_205' title='bbox 1421 2320 1572 2377; x_wconf 87' lang='lat' dir='ltr'>sequi-</span> 
     </span>
     <span class='ocr_line' id='line_1_30' title="bbox 252 2390 1573 2450; baseline 0.003 -18"><span class='ocrx_word' id='word_1_206' title='bbox 252 2398 342 2433; x_wconf 80' lang='lat' dir='ltr'>tur:</span> <span class='ocrx_word' id='word_1_207' title='bbox 385 2391 514 2433; x_wconf 79' lang='grc' dir='ltr'><em>αένέω</em></span> <span class='ocrx_word' id='word_1_208' title='bbox 554 2391 628 2433; x_wconf 88' lang='grc' dir='ltr'><em>καὶ</em></span> <span class='ocrx_word' id='word_1_209' title='bbox 668 2392 868 2435; x_wconf 85' lang='grc' dir='ltr'><em>Πυθέαν.</em></span> <span class='ocrx_word' id='word_1_210' title='bbox 940 2393 1052 2435; x_wconf 87' lang='lat' dir='ltr'>Hinc</span> <span class='ocrx_word' id='word_1_211' title='bbox 1087 2393 1264 2436; x_wconf 81' lang='lat' dir='ltr'>additur</span> <span class='ocrx_word' id='word_1_212' title='bbox 1301 2390 1443 2444; x_wconf 78' lang='grc' dir='ltr'><em>δεξιὸν</em></span> <span class='ocrx_word' id='word_1_213' title='bbox 1488 2394 1573 2450; x_wconf 77' lang='grc' dir='ltr'>νόῳ</span> 
     </span>
     <span class='ocr_line' id='line_1_31' title="bbox 252 2465 1573 2526; baseline 0.005 -21"><span class='ocrx_word' id='word_1_214' title='bbox 252 2465 515 2509; x_wconf 78' lang='grc' dir='ltr'><em>ἀντίπαλον.</em></span> <span class='ocrx_word' id='word_1_215' title='bbox 589 2468 636 2509; x_wconf 87' lang='lat' dir='ltr'>In</span> <span class='ocrx_word' id='word_1_216' title='bbox 679 2468 840 2525; x_wconf 86' lang='lat' dir='ltr'>quibus</span> <span class='ocrx_word' id='word_1_217' title='bbox 881 2468 1128 2516; x_wconf 85' lang='grc' dir='ltr'><em>ἀντίπαλος</em></span> <span class='ocrx_word' id='word_1_218' title='bbox 1169 2477 1234 2511; x_wconf 85' lang='lat' dir='ltr'>est</span> <span class='ocrx_word' id='word_1_219' title='bbox 1272 2470 1460 2526; x_wconf 85' lang='lat' dir='ltr'>Pytheas</span> <span class='ocrx_word' id='word_1_220' title='bbox 1501 2469 1573 2511; x_wconf 81' lang='lat' dir='ltr'>ille</span> 
     </span>
     <span class='ocr_line' id='line_1_32' title="bbox 252 2540 1573 2602; baseline 0.005 -21"><span class='ocrx_word' id='word_1_221' title='bbox 252 2540 426 2584; x_wconf 79' lang='lat' dir='ltr'>fratrem</span> <span class='ocrx_word' id='word_1_222' title='bbox 473 2541 684 2586; x_wconf 80' lang='lat' dir='ltr'>certando</span> <span class='ocrx_word' id='word_1_223' title='bbox 735 2542 914 2586; x_wconf 84' lang='lat' dir='ltr'>doeens.</span> <span class='ocrx_word' id='word_1_224' title='bbox 996 2544 1144 2587; x_wconf 84' lang='lat' dir='ltr'>Potuit</span> <span class='ocrx_word' id='word_1_225' title='bbox 1190 2553 1361 2599; x_wconf 80' lang='lat' dir='ltr'>autem,</span> <span class='ocrx_word' id='word_1_226' title='bbox 1412 2544 1573 2602; x_wconf 70' lang='lat' dir='ltr'>inquit,</span> 
     </span>
    </p>
   </div>
  </div>
 </body>
</html>
