1783 3070
781 170 1077 212 -66-

286 292 437 334 πολλὰ
469 292 550 347 μὲν
582 288 826 349 νικαφόρον
860 285 1055 345 α’γλαΐαν
1085 284 1281 331 ὤπασαν·
1308 286 1461 345 ἄκραις
1501 287 1603 346 α’ρει.

288 372 395 416 ταῖς
438 366 774 423 ὑπερελὲόντων
815 366 944 422 ἱεροῖς
981 365 1028 407 ἑν
1069 361 1267 414 ἀέθλοις,
1309 363 1456 406 πολλοὶ
1488 360 1602 406 δἐν

290 441 495 501 καρδίαις
527 438 696 498 α’νδρῶν
727 434 887 499 ἔβαλον
911 437 1049 497 τΩριιιι
1086 439 1393 493 πολυάνὲεμοι
1426 438 1603 496 α’ρχαῖα

292 514 570 575 σοφίσμαθ’.
619 514 742 558 ἅπαν
774 513 816 557 δ’
846 515 1046 575 εὑρόντος
1076 512 1208 574 ἔργον.
1271 513 1351 555 ταὶ
1378 513 1603 557 Διονύσου

289 591 432 633 πόθεν
471 589 680 649 ἐξέφανεν
728 591 814 632 σὺν
856 590 1057 649 βοηλάτᾳ
1097 589 1279 647 χάριτες
1317 584 1600 647 διὲυράμβῳς

286 664 355 714 τίς
386 664 468 723 γὰρ
501 664 688 715 ἱππείοις
713 667 759 709 ἑν
791 663 993 708 ἔντεσσιν
1026 665 1194 723 μέτρα,
1225 660 1248 713 ἢ
1280 661 1390 706 θέων
1420 667 1600 705 ναοῖσιν

281 741 451 781 οἰωνῶν
481 739 678 798 βασιλέα
706 736 893 795 δίδυμον
924 739 1154 790 ἐπέθηκε-νς
1194 761 1248 768 -
1273 739 1437 795 ¹ltaque
1465 745 1599 794 poeta

291 831 587 873 quaecunque
631 815 687 857 de
728 816 847 857 Thea
884 815 1110 872 praedicat
1147 815 1193 857 in
1234 813 1340 856 duas
1383 812 1600 870 disposuit

288 899 458 947 partes,
500 889 672 931 divitias
713 890 757 930 in
797 890 999 944 alteram,
1043 890 1090 930 in
1136 889 1314 931 alteram
1361 887 1599 930 certamina

290 965 524 1006 collocans.
591 962 716 1017 Quae
747 964 841 1019 ipsa
873 964 920 1005 in
951 964 1106 1005 bellica
1135 973 1178 1005 et
1205 964 1372 1006 ludicra
1391 964 1598 1006 dividun-

284 1048 367 1080 tur.
434 1038 607 1092 Quibus
638 1039 771 1079 verba
797 1035 872 1077 διά
900 1036 1008 1078 τεάν
1040 1037 1179 1092 τιμάν
1212 1038 1465 1079 communia
1481 1047 1594 1080 sunt.

408 1114 521 1156 Dein
556 1129 670 1171 quae
701 1113 902 1170 proxime
934 1121 1179 1169 sequuntur
1208 1114 1362 1155 verba:
1402 1111 1597 1171 κρίνεται

281 1185 322 1229 δ’
355 1187 473 1229 α’λκοὲ
502 1185 579 1231 διά
609 1184 827 1244 δαίμονας
855 1182 1024 1245 ἀνδρῶν
1056 1188 1128 1231 alii
1160 1188 1284 1230 aliter
1312 1189 1596 1247 explicarunt.

283 1265 567 1308 Recentiores
600 1265 682 1307 sic:
719 1264 1000 1322 distinguitur
1030 1279 1133 1306 vero
1167 1265 1195 1305 i.
1227 1279 1264 1306 e.
1298 1265 1491 1307 victoriis
1523 1281 1597 1307 or·-

283 1348 414 1382 natur
444 1340 580 1382 virtus
607 1354 688 1397 per
715 1339 837 1381 deos.
901 1339 1023 1381 Male.
1085 1339 1191 1382 Nam
1213 1335 1329 1379 α’λκά
1348 1347 1412 1381 est
1439 1340 1598 1397 robur3

285 1414 411 1471 quod
445 1430 564 1456 nunc
595 1414 837 1456 adiudicari
868 1415 935 1455 vel
962 1413 1165 1456 distribui
1196 1414 1453 1456 hominibus
1485 1414 1598 1456 dici-

281 1497 353 1530 tur
384 1488 563 1530 decreto
597 1488 798 1529 deorum.

402 1563 467 1605 De
492 1578 529 1606 v,
551 1559 624 1603 44.
658 1560 943 1619 τετείχισται
968 1558 1017 1604 δὲ
1042 1561 1188 1603 πάλαι
1218 1561 1378 1618 πύργος
1400 1563 1593 1615 ὑψηλαῖς

282 1636 464 1696 α’ρεταῖς
482 1635 741 1695 οἴνα-βαίνειν
753 1646 976 1680 sexcentas
988 1637 1131 1696 legere
1147 1637 1249 1680 licet
1270 1638 1594 1695 explicationes.

292 1714 402 1755 ¹»Iam
424 1713 593 1755 dudum
611 1713 829 1770 Aeginetis
845 1729 1051 1771 magnum
1070 1713 1249 1756 laudum
1270 1714 1595 1756 munimentum

293 1789 369 1830 »ab
388 1788 601 1829 heroibus
616 1788 770 1844 priscis
793 1796 1057 1830 exstructum
1081 1797 1160 1844 est,
1174 1788 1300 1845 quod
1329 1789 1417 1831 suis
1437 1804 1595 1831 ‘escen-

295 1861 424 1903 »dant
437 1862 670 1903 virtutibus
693 1862 903 1903 excelsis«
954 1863 1194 1905 ”Exstructa
1226 1871 1290 1904 est
1319 1864 1405 1906 iam
1425 1863 1595 1907 dudum

296 1938 462 1991 »uu-ris,
494 1937 540 1978 in
559 1951 692 1992 quam
714 1937 904 1978 excelsae
925 1937 1103 1978 virtutes
1123 1937 1395 1979 ascendant.«
1455 1939 1598 1981 »Stru-

296 2019 385 2053 »eta
407 2011 494 2053 iam
528 2010 765 2053 diurexstat
792 2011 924 2053 turris
948 2011 1188 2054 virtutibus
1204 2011 1351 2055 arduis
1371 2027 1585 2056 ascensum

297 2088 540 2129 »Exstructa
579 2096 642 2128 est
677 2087 764 2128 iam
803 2086 972 2128 dudum
1009 2088 1140 2129 turris
1179 2088 1410 2129 virtutibus
1451 2089 1599 2131 arduis

297 2162 500 2204 »ascensu
532 2161 744 2203 canenti.«
825 2161 1066 2204 »Exs'tructa
1099 2169 1163 2204 est
1200 2162 1287 2205 iam
1326 2161 1494 2214 dudum
1536 2163 1599 2206 eis

296 2253 342 2280 ”a
369 2253 441 2280 me
471 2238 625 2292 turris,
664 2252 798 2294 quam
843 2239 1020 2280 excelsis
1050 2238 1282 2280 virtutibus
1317 2239 1590 2282 ascendant.·‹

295 2309 613 2371 »Τετείχισται
659 2311 804 2354 πάλαι
834 2313 993 2372 πύργος
1021 2313 1223 2367 ,ὑψηλαῖς
1263 2312 1446 2374 α’ρεταῖς
1484 2311 1599 2357 ὥστε

296 2386 579 2444 »ἀναβαίνειν
606 2387 711 2428 τινά
748 2384 840 2430 δεῖν
870 2389 1034 2438 αὐτόν,
1066 2397 1115 2430 ut
1146 2404 1327 2431 ascensu
1359 2405 1471 2447 opus
1500 2390 1590 2431 sitm

297 2461 537 2506 »Exstructa
570 2470 634 2506 est
665 2461 828 2521 Aegina
857 2471 907 2507 ut
936 2463 1067 2506 turris
1099 2471 1201 2507 etc.«
1273 2464 1424 2522 ltaque
1450 2463 1599 2507 subie-

286 2544 404 2578 ctum
437 2538 503 2580 vel
524 2538 733 2595 Aeginam
765 2539 833 2581 vel
863 2539 1027 2594 πύργον
1059 2538 1249 2595 habent3
1282 2539 1462 2597 α’ρεταῖς
1489 2540 1600 2592 ὑψη-
