1783 3070
805 193 1105 232 -50....

823 324 969 364 Nem.
991 323 1071 363 11.

417 431 594 474 Initium
625 446 743 474 nune
767 439 941 489 tangam
974 438 1017 473 et
1038 430 1213 473 exitum.
1277 428 1324 473 In
1358 431 1432 473 illo
1464 446 1600 491 quaes

292 506 403 549 ritui·
433 504 489 548 de
521 505 666 547 verbis
702 506 883 565 ῥαπτῶν
913 504 1047 548 ἐπέων
1085 500 1246 546 αόιδοί.
1310 503 1436 558 Quae
1475 504 1603 560 mihi,

293 581 395 622 licet
424 580 583 622 multas
615 580 804 622 aliorum
836 581 1146 639 explicationes
1175 587 1373 622 accurate
1402 569 1600 636 legerim,

294 672 388 699 non
417 656 502 700 alia
527 653 584 699 de
623 670 751 700 causa
773 654 1019 715 dicuntur,
1050 671 1183 716 quam
1215 654 1320 714 quia
1348 652 1597 720 rhapsodus

287 729 365 781 ἔπη
396 746 475 786 sua
505 732 566 775 ita
597 732 778 790 incipit,
821 741 871 775 ut
907 732 1111 784 adnectat
1146 730 1203 774 ad
1239 728 1434 788 aliquid,
1470 719 1596 799 quod

285 806 526 867 praecedit.
587 807 695 851 Nam
724 816 869 866 partes
894 823 1042 851 secum
1074 807 1156 850 sert
1173 806 1469 862 historiarum,
1485 820 1595 864 quas

282 883 434 940 aliquo
466 880 604 923 modo
637 881 874 924 exorditur.
894 906 950 912 —
979 883 1028 924 In
1059 882 1149 924 fine
1178 874 1383 941 carminis
1412 871 1593 923 laedunt

281 957 391 998 mihi
436 955 592 1013 poesin
632 953 939 1014 Pindaricam,
978 956 1056 1014 qui
1098 954 1154 998 de
1197 947 1484 1016 sequentibus
1522 954 1599 1005 lo-,
1619 945 1628 952 ¹

279 1038 476 1087 quuntur
501 1030 786 1073 carminibus.

793 1175 941 1214 Nem.
967 1174 1078 1213 111.

341 1309 344 1320 =
393 1287 459 1330 De
489 1302 616 1330 versu
647 1285 919 1329 duodecimo
953 1286 1043 1329 dixi
1075 1287 1123 1329 in
1153 1286 1497 1343 prolegomenis.
1536 1287 1587 1328 In

270 1378 309 1405 v.
354 1363 411 1405 16
450 1363 584 1406 verba
624 1363 671 1404 ἐν
709 1363 967 1421 περισθενεῖ
1006 1358 1265 1418 μαλαχθεὶς
1309 1364 1589 1418 παγκρατίου

272 1438 424 1494 στόλῳ
457 1453 550 1479 non
583 1446 821 1495 negantur,
862 1437 940 1479 sed
971 1437 1193 1479 dicuntur.
1266 1436 1376 1479 Hinc
1421 1437 1585 1495 pergit:

266 1508 563 1567 καματωδέων
595 1508 644 1554 δὲ
669 1510 845 1568 πλαγᾶν
876 1510 980 1561 ἄκος
1004 1511 1182 1570 ὑγιηρὸν
1215 1510 1258 1556 ἕν
1274 1527 1320 1569 γε
1346 1508 1585 1570 βαθυπέδῳ

267 1586 422 1643 Νεμέᾳ
451 1579 508 1627 ἶτὸ
541 1585 796 1627 καλλίνικον
828 1586 967 1645 φέρει,
1001 1601 1116 1644 quae
1147 1602 1172 1629 a
1201 1588 1353 1644 paucis
1385 1586 1586 1644 quidem,

271 1662 350 1705 sed
393 1671 543 1704 tamen
591 1662 803 1719 explicata
841 1670 955 1704 sunt.
1030 1661 1288 1716 Subiectum
1328 1662 1449 1706 enim
1489 1677 1585 1705 non

271 1735 567 1792 Aristoclides‚
596 1751 731 1794 quem
762 1736 830 1779 vel
862 1736 1019 1780 vocula
1032 1735 1079 1793 γε’
1105 1736 1357 1796 longissime
1388 1735 1585 1795 depellit,

270 1811 349 1853 sed
378 1810 435 1852 τὸ
471 1806 748 1860 καλλίνικον,
790 1810 916 1867 quod
944 1812 1211 1855 Nemeorum
1240 1812 1397 1856 victori
1431 1812 1585 1870 plaga-

271 1901 369 1928 rum
401 1885 721 1927 laboriosarum
750 1884 997 1927 remedium
1028 1885 1140 1928 ferre
1171 1885 1344 1929 dicitur.

395 1959 600 2016 Denique
631 1958 688 1999 ad
723 1972 762 2000 v.
797 1960 852 2001 76
884 1973 1010 2016 seqq.
1050 1959 1128 2014 ἐγὼ
1167 1956 1276 2002 τόδε
1315 1975 1389 2001 τοι
1426 1960 1581 2015 πέμπω

269 2033 536 2090 μεμιγμένον
576 2032 678 2088 μέλι
709 2032 844 2088 λευκῷ
880 2032 966 2075 σὺν
1002 2032 1218 2089 γάλακτι,
1254 2033 1497 2093 κιρναμένα
1538 2031 1577 2077 δ’

268 2107 382 2169 ἔερσ’
412 2108 638 2168 ἀμφέπει,
670 2105 777 2162 πόμ’
810 2104 1017 2163 ἀοίδιμον
1047 2109 1264 2167 Αἰολῇσιν
1290 2110 1341 2152 ’ἐν
1362 2112 1581 2152 ,πνοαῖσιν

270 2186 416 2227 αὐλῶν
447 2199 582 2227 nemo
612 2183 854 2239 adnotavit,
877 2184 1125 2228 cohaerere
1155 2181 1263 2227 τόδε
1293 2183 1403 2241 πόμ’
1433 2182 1579 2228 ἀοίδι-

269 2275 367 2316 μον.
428 2258 548 2315 Πόμ’
582 2256 789 2313 ἀοίδιμον
821 2268 863 2300 et
894 2275 1008 2317 quae
1044 2254 1289 2319 sequuntur
1319 2262 1454 2305 verba
1484 2277 1579 2304 nou

267 2343 369 2377 sunt
398 2335 618 2393 appositio
650 2334 888 2377 verborum
929 2335 1193 2391 μεμιγμένον
1224 2336 1328 2392 μέλι
1362 2344 1469 2392 οἱα,
1500 2335 1581 2379 sed

268 2417 434 2452 contra.
497 2408 809 2467 Appositiones
840 2409 1123 2468 interpositae
1155 2419 1276 2454 sunt:
1312 2410 1578 2467 μεμιγμένον

265 2507 320 2514 -
349 2483 563 2542 ἀμφέπει.
628 2483 772 2526 Debet
802 2483 932 2542 igitur
962 2485 1025 2527 sic
1056 2485 1324 2546 interpungi:
1363 2485 1441 2542 ἐγὼ
1468 2482 1576 2528 τόδε

263 2572 335 2598 τοι
366 2560 540 2614 πέμπω,
572 2558 837 2615 μεμιγμένον
867 2560 971 2615 μέλι
1003 2568 1085 2602 etc.
