1783 3070
755 183 1050 229 ...46-

253 311 322 351 tus
365 316 410 350 et
454 309 609 366 epulae
648 307 945 368 significantur
986 305 1167 350 demum
1208 307 1313 352 inde
1356 324 1381 353 a
1420 288 1564 354 verbis

255 387 419 426 Μοῖσα
460 383 502 427 δ’
540 387 619 427 οὐκ
652 385 877 441 ἀποδαμεῖ
913 398 1053 443 usque
1093 383 1151 444 ad
1192 383 1564 438 εἰλαπινάζοισιν.

257 463 408 520 Itaque
439 469 579 504 totam
614 463 910 505 narrationem
938 460 1188 504 turbabant.

379 537 532 594 Neque
565 537 611 579 in
641 552 681 579 v.
714 534 773 580 48
804 537 937 580 verba
967 533 1066 592 ἐμοὶ
1094 529 1143 577 δὲ
1176 533 1421 589 θαυμάσαι
1451 537 1563 578 θεῶν

259 611 539 655 τελεσάντων
570 609 700 656 οὐδέν
729 628 840 655 ποτε
870 610 1085 671 φαίνεται
1110 604 1243 667 ἔμμεν
1268 608 1462 653 ἄπιστον
1493 612 1565 655 in·—

259 689 473 747 telligunt.
535 688 829 731 Hermannus:
862 686 960 742 ἐμοὶ
987 682 1050 739 δὲ,
1082 687 1322 742 θαυμάσαι
1349 687 1463 728 θεῶν
1490 699 1564 727 τε·-

262 765 517 816 λεσάντων,
574 761 704 805 οὐδέν
755 778 863 804 ποτε
920 762 1135 820 φαίνεται
1183 754 1315 817 ἔμμεν
1358 753 1565 803 ἄπιστον.

263 838 535 880 Boeckhius:
577 838 734 893 ”mihi7
764 838 842 878 ubi
874 836 936 878 dii
967 845 1123 895 agant,
1154 837 1265 878 nihil
1293 835 1465 878 videtur
1495 836 1565 876 in·—

272 913 529 964 ucredibile,
557 912 635 954 sed
666 911 937 954 credendum
972 920 1064 967 est,
1113 910 1281 954 etiamsi
1312 911 1563 954 mirandum

270 988 379 1029 ”sitm
451 986 694 1027 Dissenius:
736 985 867 1027 »mihi
888 999 992 1027 vero
1014 984 1071 1027 ad
1096 984 1363 1041 mirandum,
1392 986 1471 1028 ubi
1503 985 1565 1027 dii

269 1069 446 1120 magunt,
488 1060 599 1102 nihil
639 1074 826 1117 usquam
870 1060 1044 1102 videtur
1074 1059 1334 1102 incredibile
1365 1061 1411 1101 h.
1441 1075 1479 1102 e.
1511 1075 1568 1103 ne

269 1137 428 1179 »miror
456 1135 655 1193 quidem,
687 1150 787 1177 cum
802 1134 887 1177 diis
907 1134 1017 1176 nihil
1035 1149 1124 1177 non
1142 1134 1432 1177 facillimum.«
1485 1136 1564 1177 Fe-

259 1212 365 1254 sellit
395 1219 568 1269 praeter
598 1210 820 1268 poeticam
853 1209 1060 1252 dictionis
1080 1211 1326 1252 ubertatem
1347 1225 1431 1252 vox
1450 1211 1567 1251 θαυ-

258 1286 421 1342 μάσαι.
484 1286 644 1328 Sensus
665 1286 795 1332 ‚enim
829 1292 913 1328 est:
956 1284 1154 1327 mihiad
1186 1282 1488 1341 credendum,
1532 1286 1566 1327 si

259 1361 323 1403 dii
354 1361 505 1404 fecisse
537 1360 845 1417 perhibentur,
876 1360 986 1402 nihil
1001 1374 1201 1417 unquam
1221 1358 1394 1403 videtur
1423 1361 1568 1403 ineer-

261 1444 372 1477 tum.
446 1436 531 1477 Pro
563 1434 749 1493 simplici
782 1433 960 1477 credere
993 1433 1103 1476 dixit
1133 1434 1312 1476 credere
1345 1443 1389 1477 et
1422 1434 1566 1477 admi-

262 1512 363 1553 rari.
425 1504 693 1552 vertendum
722 1511 877 1567 igitur:
915 1511 1026 1551 mihi
1067 1509 1131 1552 ad
1155 1510 1474 1553 admirandum
1506 1513 1565 1561 (h.

260 1599 298 1626 e.
332 1584 442 1643 quin
474 1582 650 1626 credam
680 1583 1003 1643 admirerque)‚
1033 1584 1069 1627 si
1094 1583 1156 1627 dii
1188 1584 1466 1673 perfecerint,
1497 1586 1567 1628 nia

260 1660 326 1702 hil
352 1675 553 1717 unquam
584 1659 757 1702 videtur
787 1661 1018 1702 incertum.

382 1734 616 1792 Denique
606 1750 652 1775 ln
671 1749 711 1776 v.
730 1736 784 1777 51
815 1735 950 1778 verba
969 1733 1119 1778 κώπαν
1145 1735 1327 1793 σχάσον
1356 1758 1416 1767 —-·
1441 1736 1569 1792 ἐγκω-

263 1806 371 1861 μίων
401 1808 483 1863 γὰρ
507 1804 644 1854 ἄωτος
663 1806 808 1862 ὕμνων
830 1810 899 1849 ἐπ’
914 1807 1073 1849 ἄλλοτ’
1105 1808 1244 1851 ἄλλον
1268 1807 1350 1851 ὧτε
1367 1811 1569 1864 μέλισσα

263 1883 394 1924 θύνει
424 1880 554 1937 λόγον
587 1881 693 1924 inde
724 1897 750 1924 a
789 1882 966 1925 scholiis
1008 1884 1173 1940 graecis
1203 1885 1266 1926 sic
1305 1886 1569 1943 intelligunt:

274 1956 534 1999 ”Pindarum
553 1971 645 1997 sese
661 1971 686 1997 a
706 1956 975 2013 digressione
996 1972 1223 1999 revocare:
1252 1959 1568 2000 transeundum

274 2048 387 2075 »esse
418 2031 475 2075 ad
506 2031 649 2088 aliud3
693 2031 755 2074 sic
787 2031 904 2074 enim
938 2032 1126 2090 hymnos
1154 2034 1294 2076 solere
1320 2034 1375 2076 ab
1408 2035 1490 2078 alia
1521 2051 1568 2077 re

274 2107 350 2150 ¹»ad
382 2108 510 2149 aliam
543 2106 701 2164 vagari.
717 2126 733 2143 u
818 2106 979 2149 Contra
1011 2116 1140 2164 poeta
1171 2116 1405 2166 propterea
1434 2124 1570 2151 anco-

264 2198 356 2224 ram
390 2183 488 2225 eiici
522 2183 760 2238 iubet‚·ne‚
793 2181 1089 2240 quodsoleat,
1121 2183 1311 2241 hymnus
1343 2182 1569 2228 encomius

265 2257 320 2299 ab
353 2257 434 2300 alia
466 2256 521 2300 ad
554 2257 683 2299 aliam
716 2271 810 2299 rem
839 2264 1027 2315 vagetur.

772 2387 929 2432 Pyth.
968 2389 1061 2426 xl.

382 2481 428 2521 In
460 2496 551 2522 uno
584 2482 773 2523 maxime
805 2484 860 2525 ab
894 2484 1208 2540 interpretibus
1241 2486 1420 2529 discedo
1452 2488 1567 2542 loco,

266 2552 313 2594 in
342 2567 405 2595 vv.
439 2551 629 2599 54-58.
693 2556 757 2599 De
789 2558 951 2617 quibus
983 2573 1092 2617 quas
1126 2560 1213 2603 vidi
1259 2561 1570 2620 explicationes
