1783 3070
608 227 903 270 ..65-

106 347 442 404 ..consequitu1·',
473 347 852 406 quemadmodum
884 344 1229 387 Ulixes-Aiacem
1263 345 1398 387 'vicina

103 424 152 466 In
183 422 346 481 quibus
372 422 515 466 verbis
542 422 652 467 mihi
681 420 793 466 nihil
818 433 988 463 sanum.
1052 418 1099 464 ln
1127 418 1292 478 graecis
1321 419 1407 463 hoc

103 497 257 540 video:
292 506 356 539 est
386 514 488 541 vero
521 500 688 540 incerta
718 497 894 539 fortuna
926 495 984 544 (h.
1019 510 1056 535 e.
1096 504 1274 537 eventus
1312 511 1407 537 cer—

103 572 351 630 taminum)²
382 574 641 638 priusquam
674 569 731 613 ad
762 567 897 613 finem
915 578 1172 627 perventum
1190 578 1266 613 est.
1298 571 1404 615 Nam

60 677 64 680 -
101 647 216 690 haeev
244 656 287 690 et
317 649 388 691 illa
419 648 507 691 dat.
572 646 713 690 Etiam
744 645 970 688 fortiorem
1015 646 1215 702 peiorum
1256 646 1405 688 homi-

101 739 207 767 num
239 738 308 766 ars
339 732 421 765 etc.
486 722 612 776 Quae
653 735 710 762 ne
732 721 935 763 *nimium
962 721 1184 777 'simplicia
1217 722 1298 763 tibi
1339 723 1404 764 vi-

100 797 302 852 deantur,
332 798 420 839 hoc
450 795 580 838 dicit:
615 795 869 851 certabant3
902 803 945 837 at
970 795 1071 836 licet
1094 795 1159 836 vel
1180 804 1403 852 praestan-

98 872 253 913 tissimi
285 879 467 925 certent,
496 878 675 912 eventus
708 870 898 912 incertus
930 878 993 911 est
1025 878 1157 926 atque
1179 870 1401 925 fortuitusg,

98 944 320 987 interdum
353 944 485 987 etiam
518 944 746 987 meliorem
782 951 862 986 etc.

599 1072 787 1115 Istnm.
811 1073 908 1113 lv.

198 1167 394 1209 Primum
412 1176 622 1210 structura
636 1170 854 1227 prooemii
875 1168 1160 1226 expedienda.
1195 1170 1320 1224 Quae
1335 1172 1395 1212 sic

93 1257 138 1284 se
158 1242 294 1285 habet
310 1244 572 1286 necessario:
595 1241 672 1285 σέο
691 1242 727 1300 γ’
743 1241 868 1286 ἕκατι
891 1244 980 1286 καὶ
1000 1245 1250 1301 μεγασθενῆ
1270 1261 1395 1304 χρυ-

95 1317 159 1358 σὸ
171 1333 194 1360 ν
212 1318 407 1372 νόμισαν
426 1315 647 1377 ἅνθρωποι
664 1319 894 1376 περιώσιον
912 1316 1057 1361 ἄλλων
1079 1336 1103 1360 κ
1115 1320 1175 1360 αὶ
1195 1319 1393 1377 ἐριζόμε-

91 1408 167 1435 ναι
185 1395 284 1440 νᾶες
305 1394 351 1434 έν
378 1391 523 1449 πόντῳ
542 1391 616 1433 καὶ
638 1394 683 1435 ἑν
702 1391 901 1451 ἅρμασιν
931 1391 1058 1436 ἵπποι
1083 1403 1162 1438 ete.
1205 1395 1393 1451 Scilicet,

90 1475 326 1523 postquam
353 1476 485 1524 poeta
512 1468 674 1510 Theam
705 1468 945 1523 invocavit,
976 1478 1150 1525 poterat
1187 1470 1246 1510 ita
1287 1485 1389 1526 per-

87 1556 214 1599 gere:
255 1539 328 1582 καὶ
359 1540 442 1599 γάρ
475 1538 552 1583 σέο
583 1537 707 1584 ἕκατι
736 1541 910 1600 χρυσὸν
942 1543 1134 1598 νόμισαν
1167 1540 1390 1602 ἅνθρωποι

87 1615 322 1673 περιώσιον
352 1614 508 1668 ἄλλων,
541 1617 616 1658 καὶ
634 1615 883 1676 ἐριζόμεναι
910 1621 1009 1665 νᾶες
1033 1627 1112 1660 etc.
1175 1619 1262 1660 Iam
1283 1634 1385 1664 vero

89 1692 135 1733 in
165 1691 314 1748 priore
344 1692 557 1745 sententia
583 1692 742 1734 dicitur
771 1691 847 1734 σέο
877 1693 913 1748 γ’
948 1689 1094 1744 ἕκατι,
1125 1693 1206 1750 γάρ
1237 1702 1380 1736 autem

90 1767 136 1808 in
167 1767 302 1808 altero
329 1767 511 1824 emergit
532 1768 747 1809 membro.
795 1766 930 1820 Quod
948 1776 997 1809 ut
1025 1768 1250 1825 intelligas,
1269 1752 1384 1826 cogit

88 1841 199 1882 ratio
242 1840 491 1883 verborum.
566 1839 674 1882 Cum
719 1841 838 1883 enim
880 1842 925 1883 in
963 1843 1111 1899 priore
1149 1850 1272 1899 parte
1309 1840 1385 1883 καί

87 1931 180 1958 non
211 1916 349 1973 possit
387 1916 558 1957 »etiam«
595 1915 757 1972 dicere,
787 1915 865 1958 sed
898 1917 1126 1959 manifesto
1159 1916 1385 1959 disiuncti-

88 2006 189 2034 vum
218 1991 273 2034 sit
304 1990 447 2048 (quod
478 1990 630 2034 fortius
667 1990 900 2049 significari
936 2006 1069 2049 quam
1111 1992 1194 2034 hae
1224 1993 1383 2034 verbo-

85 2081 183 2108 rum
216 2066 505 2108 collocatione
538 2078 630 2107 non
660 2066 849 2122 potest),
881 2080 1072 2122 cumque
1111 2066 1169 2107 ita
1200 2067 1379 2107 alterum

84 2138 159 2183 καί
176 2139 462 2196 desideretur,
486 2139 625 2196 facile,
640 2139 718 2183 ubi
744 2138 919 2183 auditur
944 2138 1113 2196 καὶγὰρ
1132 2137 1381 2197 ἐριζόμεναι

82 2211 204 2266 νᾶες,
237 2223 280 2256 et
319 2216 501 2257 alterum
540 2210 617 2254 καί
652 2222 854 2255 εεοιιωῐη
890 2227 980 2256 esse
1022 2214 1297 2271 intelligitur,
1339 2223 1382 2256 et

81 2288 175 2350 γάρ,
211 2279 335 2348 quod
354 2290 485 2331 etiam
507 2288 556 2331 in
586 2288 734 2346 priore
761 2289 962 2331 membro
986 2287 1072 2331 dici
1101 2289 1260 2346 potuit,
1276 2289 1381 2331 huic

79 2380 197 2409 nune
227 2365 428 2407 membro
461 2363 701 2419 irrepsisse.
763 2362 807 2404 Si
841 2363 940 2419 quis
966 2363 1075 2404 sorte
1106 2362 1293 2418 dubitat,
1325 2378 1380 2404 an

78 2441 217 2499 possit
251 2439 372 2494 fieri,
416 2436 538 2495 quod
576 2436 671 2479 fieri
714 2437 787 2479 hic
827 2436 980 2493 video,
1027 2437 1228 2494 inspiciat
1267 2439 1376 2479 alios

77 2516 224 2571 locos,
253 2514 298 2556 in
331 2513 490 2571 quibus
521 2511 603 2569 γάρ
643 2512 773 2554 simili
807 2512 1004 2569 subrepit
1041 2511 1193 2553 modo.
1255 2512 1381 2553 Velut

85 2590 259 2649 Olymp.
281 2589 371 2633 Xlll
403 2587 506 2632 inde
538 2603 562 2630 a
593 2584 723 2632 v.14.
756 2583 891 2644 ὔμμιν
924 2582 984 2639 δέ,
1017 2581 1170 2634 παῖδες
1202 2585 1386 2637 Ἀλάτα,

1120 2666 1144 2705 5
