1783 3070
778 164 1042 207 -4-

263 289 443 348 oxe‘Soev
464 302 530 332 νιν
553 282 745 335 ἐπιδέξια
774 284 921 345 ’χειρὸς
952 283 1094 342 ὀρθὰν
1125 276 1240 343 ἄγεις
1263 284 1567 346 ἐφημοσύναν,
1597 321 1601 325 .

262 374 327 416 τά
357 388 464 415 ποτε
494 381 574 414 eet.
636 371 683 412 In
716 386 809 428 quo
841 372 941 414 loco
975 371 1232 413 erubescere
1262 373 1375 433 mihi
1413 371 1566 414 Philo-

264 444 378 518 logia
398 457 630 516 paullulum
651 463 800 498 nostra
822 456 1009 513 videtur,
1025 456 1243 499 haesitans
1256 456 1301 499 in
1321 457 1476 499 vocula
1486 469 1566 499 νιν.

263 544 433 585 Patrem
466 541 633 594 dicunt,
664 540 894 582 victori-am
928 542 1023 597 alii,
1053 542 1125 584 alii
1155 541 1424 582 thesaurum.
1486 540 1568 581 Ar-

260 635 463 686 gumenta
495 625 661 669 addunt
690 620 1216 685 unusquisquecopiosa.
1267 624 1388 679 Quid
1409 625 1567 683 igitur?

262 710 412 752 Graeci
444 709 753 768 intelligebant.
788 738 798 748 .
835 739 844 748 .
910 707 1137 763 Quoniam
1167 710 1435 769 singulorum
1468 722 1568 750 ver*-

260 797 419 837 borum
464 810 566 838 vero
608 795 830 837 intellectu
875 795 1021 837 omnis
1064 797 1233 854 ubique
1281 794 1564 839 halucinandi

261 881 436 938 hucque
468 889 510 923 et
549 881 649 922 illue
678 880 874 922 animum
908 880 1196 923 convertendi
1237 881 1409 925 occasio
1449 895 1567 923 rese-

260 973 392 1021 catur.
451 961 673 1013 Ἐπιδέξια
704 955 851 1021 χὲιρὸζ
881 966 983 1006 trita
1022 948 1282 1022 graecorum
1320 966 1467 1018 ‘dictio
1504 974 1569 1007 est

260 1049 430 1092 dicens:
465 1049 636 1091 rechter
666 1049 806 1092 Hand.
851 1049 965 1092 Dein
994 1050 1128 1092 verba
1154 1048 1297 1106 ὀρθὰν
1327 1041 1441 1105 ἄγεις
1458 1050 1568 1109 ἐφη-

261 1134 462 1188 μοσύναν
502 1148 593 1175 non
636 1132 900 1192 significant:
943 1142 1110 1176 rectum
1154 1134 1224 1176 vel
1263 1135 1457 1192 probum
1499 1135 1569 1181 vel

265 1218 481 1274 optimum
514 1220 709 1275 sequeris
730 1220 797 1260 vel
819 1220 1067 1275 exsequeris
1088 1228 1393 1277 praeceptum,
1420 1235 1567 1277 neque

267 1301 466 1344 effectum
498 1301 646 1343 reddis
676 1309 958 1359 praeceptum
989 1302 1057 1344 vel
1088 1302 1134 1345 in
1159 1310 1203 1345 te
1221 1303 1396 1360 probas.
1458 1302 1566 1347 Nam

269 1376 386 1441 ἄγειν
418 1386 716 1442 ἐφημοσύνην
737 1385 874 1427 dictio
905 1401 985 1443 per
1015 1401 1061 1428 se
1099 1396 1164 1428 est
1193 1388 1334 1444 nulla,
1373 1387 1451 1430 sed
1489 1402 1570 1444 per

271 1470 505 1529 imaginem
546 1469 674 1512 dieta.
753 1470 903 1528 Itaque
942 1470 1081 1528 ὀρθὴν
1127 1463 1244 1527 ἄγειν
1288 1473 1570 1530 ἐφημοσύνην

269 1554 505 1610 significat:
550 1553 637 1595 den
679 1554 790 1595 Rath
832 1554 966 1611 grade
1013 1555 1184 1597 ffihren.
1260 1555 1385 1609 Quae
1426 1557 1570 1614 imago

270 1636 463 1693 expletur
492 1636 657 1678 verbis:
692 1636 873 1693 σχέὲων
899 1632 971 1680 νιν
983 1636 1183 1688 ἐπιδέξια
1201 1638 1364 1697 χειρός,
1390 1639 1571 1683 haltend

269 1719 348 1760 ihn
387 1734 462 1760 zur
500 1720 679 1761 rechten
721 1720 859 1762 Hand.
932 1722 1042 1781 Ergo
1082 1737 1150 1765 νιν
1189 1732 1253 1766 est
1295 1725 1568 1784 ἐφημοσύνη.

271 1804 538 1861 Quanquam
570 1819 723 1849 vocem
754 1821 874 1849 suam
894 1807 1149 1864 =praecedit.

390 1888 439 1930 In
479 1888 600 1932 Nem.
633 1890 688 1931 vl
727 1906 766 1933 v.
799 1894 856 1934 30
897 1892 1077 1951 legitur:
1124 1894 1459 1952 παροιχομένων
1486 1895 1570 1954 γὰρ

269 1970 428 2028 ἀνέρων
458 1969 603 2012 ἀοιδοὶ
630 1972 703 2014 καὶ
734 1974 855 2030 λόγοι
885 1976 946 2017 τὰ
966 1976 1084 2018 καλά
1104 1985 1218 2030 σφιν
1239 1975 1324 2036 ἔργ’
1340 1979 1572 2033 ἐκόμισαν,

256 2052 574 2119 ΙΒασσίδαισιν
606 2053 680 2098 ἅτ’
711 2059 763 2099 οὐ
802 2059 1020 2113 σπανίζει.
1094 2061 1230 2117 Quod
1275 2064 1334 2107 ita
1374 2074 1568 2108 vertunt:

270 2141 603 2195 praeteritorum
636 2142 754 2184 enim
791 2144 983 2188 virorum
1017 2148 1166 2205 pulcra
1196 2148 1306 2192 sacta
1336 2159 1494 2207 poetae
1526 2160 1570 2193 et

270 2224 475 2267 historiae
512 2227 564 2267 iis
605 2227 662 2276 (h.
705 2242 742 2268 e.
782 2220 915 2286 genti)
958 2232 1184 2289 foverunt,
1221 2235 1408 2292 Bassidis
1455 2251 1570 2293 quae

272 2307 405 2350 multa
435 2317 545 2351 sunt.
606 2310 735 2369 Quae
766 2313 876 2356 mihi
909 2329 999 2358 non
1036 2316 1176 2360 versio
1209 2317 1370 2362 horum
1410 2319 1571 2362 verbo-

271 2406 367 2433 rum
399 2408 490 2435 esse
517 2394 711 2451 videtur,
742 2397 1085 2456 sedffperversio.
1148 2402 1288 2444 Unum
1320 2418 1484 2444 moneo
1514 2401 1571 2444 de

274 2477 429 2518 multis.
491 2477 535 2520 Si
572 2480 670 2537 quis
712 2480 838 2524 dicit:
885 2465 1050 2544 402302'
1072 2483 1134 2525 τὰ
1180 2485 1299 2527 καλά
1338 2492 1453 2542 σφιν
1488 2483 1572 2543 ἔργ’
