1783 3070
671 233 728 241 —
795 187 969 255 17*-

167 331 394 374 adnotant.
456 333 502 374 V.
535 347 571 375 c.
597 333 932 386 ›Hermannusa
953 334 1107 392 ”pauci
1133 329 1334 391 *quida'm‘
1376 333 1470 375 sine

178 406 352 448 »labore
383 421 479 449 eam
510 407 657 466 adepti
690 416 793 451 sunt
820 408 1030 466 gloriam,
1068 414 1186 467 quae
1224 422 1330 466 prae
1367 408 1470 465 qui-

178 481 347 524 »busvis
391 484 611 540 praeclare
660 483 781 525 factis
828 483 957 526 vitam
998 484 1184 526 reddere
1229 482 1470 525 iucundam

164 564 371 613 ‚nposset9
402 558 460 602 ita
490 566 578 614 ut,
599 558 676 616 qui
709 572 759 608 ea
785 557 1020 615 frueretur,
1054 575 1109 602 ne
1140 571 1252 617 opus
1285 557 1471 617 quidem

180 631 384 675 »haberet
410 634 496 676 ulla
526 632 833 675 exercitatione
869 634 1024 681 virium
1056 643 1100 676 et
1137 635 1461 677 contentione«-

172 704 345 760 Quibus
370 707 556 750 laudatis
573 707 814 751 Boeekhius
836 708 978 752 addit:
1013 710 1111 767 ”qui
1132 725 1234 752 vero
1262 706 1391 767 pauci
1410 710 1470 753 illi

179 782 311 838 νείκη,
342 783 420 839 qui
451 783 546 824 sine
571 783 723 825 labore
750 783 881 826 talem
906 785 1090 843 gloriam
1113 783 1265 842 adepti
1297 784 1475 841 fuerint,

180 865 249 898 »ut
280 857 351 899 illa
392 871 498 914 prae
530 858 752 915 quibusvis
782 860 1001 916 praeclare
1042 859 1165 901 factis
1204 860 1338 902 vitam
1375 860 1475 901 illu-

181 939 332 987 ·›stret‚
363 932 525 974 nescio.
589 932 654 975 An
685 941 785 975 sunt
815 934 892 991 qui
931 921 1025 976 sine
1065 934 1477 991 pulve1·e‹v‘incunt„

180 1006 327 1062 ”quod
356 1008 415 1049 ita
455 1008 540 1049 iam
575 1009 677 1051 clari
722 1017 765 1050 et
805 1009 1031 1051 metuendi
1078 1018 1204 1064 sunt,
1244 1018 1295 1051 ut·
1340 1025 1473 1051 nemo

161 1097 300 1125 -ncum
327 1082 408 1124 illis
430 1083 473 1125 in
499 1091 718 1125 certamen
741 1082 1007 1126 descendere
1028 1082 1215 1125 audeat?
1256 1083 1324 1125 An
1351 1094 1474 1141 reges

178 1165 299 1199 »sunt
313 1156 369 1199 ad
381 1158 752 1214 imperiumnatii'
774 1158 914 1199 Immo
936 1158 996 1198 illi
1011 1157 1216 1200 videntur
1230 1172 1339 1213 esse,
1357 1173 1471 1215 quos

180 1240 353 1274 »natura
370 1231 431 1274 ita
447 1232 660 1287 instruxit,
679 1232 743 1274 uti
769 1231 959 1274 maxima
977 1247 1183 1290 quaeque
1205 1232 1300 1277 side
1319 1233 1472 1276 labore

160 1315 243 1349 <net
259 1308 383 1365 quasi
404 1307 636 1349 ludibundi
658 1316 888 1366 peragant:
907 1308 1068 1365 quibus
1087 1323 1189 1349 sane
1207 1308 1473 1350 beneficium

180 1382 382 1440 »contigit
426 1382 531 1439 ipsis
572 1382 799 1439 praeclaris
836 1381 1103 1424 facinoribus
1150 1382 1316 1438 maius,
1339 1398 1472 1440 -quae

178 1473 291 1500 »non
310 1458 404 1499 sine
424 1458 576 1499 labore
592 1457 733 1501 solent
755 1455 928 1513 perfici:
962 1471 1064 1498 nam
1083 1457 1271 1498 maxima
1297 1457 1391 1499 sine
1409 1458 1474 1499 la-

160 1563 163 1566 «
175 1533 304 1574 »bore
316 1539 660 1588 consequuntur,
670 1545 847 1587 prorsus
854 1537 905 1571 u't
914 1529 976 1571 dii
987 1544 1208 1571 summam
1224 1530 1474 1579 felicitatem

175 1606 299 1664 »ipsis
332 1606 498 1664 magnis
525 1605 789 1648 facinoribus
822 1605 1036 1647 maiorem
1073 1606 1301 1647 consecuti·
1325 1614 1465 1647 suntm-

162 1681 337 1724 Scilicet
351 1681 544 1739 primum
560 1680 779 1738 appositio
804 1680 875 1722 illa
889 1676 1016 1736 ἔργων
1033 1680 1118 1736 πρὸ
1140 1679 1318 1721 πάντων
1333 1678 1471 1736 βιότῳ

167 1756 390 1815 φάοςῃοῐι
411 1754 561 1797 addita
581 1762 643 1797 est
662 1755 806 1798 verbis
826 1751 991 1796 ἄπονον
1009 1755 1183 1811 χάρμα,
1202 1753 1280 1797 sed
1299 1762 1473 1798 tantum

167 1831 265 1873 voci
296 1831 465 1888 χάρμα.
510 1831 621 1872 Dein
640 1829 799 1887 χάρμα
831 1830 876 1871 in
905 1830 994 1870 hoc
1025 1830 1341 1871 sententiarum
1361 1846 1474 1872 nexu

165 1904 222 1947 de
254 1904 418 1963 gaudio
448 1905 659 1947 victoriae
690 1903 858 1946 dictum
888 1911 988 1946 est.v
1028 1904 1247 1962 Denique,
1280 1905 1357 1947 ubi
1389 1906 1474 1948 tale

163 1981 372 2039 gaudium
404 1981 561 2036 existit,
591 1971 712 2037 ἔργον
737 1980 897 2038 factum
921 1988 984 2022 est
999 1980 1089 2021 scil.
1108 1988 1352 2036 certamen3
1369 1980 1474 2021 hinc

163 2055 324 2098 dicitur
355 2046 482 2114 ’ἔργων
516 2053 602 2113 πρὸ
634 2054 812 2096 πάντων
831 2053 968 2111 βιότῳ
984 2054 1114 2112 φάος,
1148 2053 1272 2111 quod
1301 2054 1472 2111 plenius

164 2130 344 2172 dixeris:
376 2145 467 2187 quo
500 2145 593 2171 non
638 2130 777 2170 maius
808 2144 861 2170 ex
901 2130 991 2170 ullo
1029 2129 1286 2170 hominibus
1328 2129 1470 2169 existit

162 2218 297 2261 opere
327 2204 490 2245 lumen.
555 2203 705 2259 Itaque
722 2201 937 2245 Pindarus
952 2202 1227 2260 Agesidamo‚
1259 2216 1352 2244 non
1369 2201 1464 2244 sine

158 2279 385 2322 laboribus
415 2277 594 2331 victori,
625 2277 748 2318 hanc-
770 2278 1033 2323 'sententiam
1065 2277 1243 2318 cecinit:
1274 2276 1464 2318 sine'la-

158 2356 284 2397 hore
307 2353 375 2395 vix
413 2352 523 2393 ullus
557 2350 765 2395 victoriae
801 2350 1009 2408 gaudium
1048 2350 1326 2408 adipiscitur,
1348 2374 1351 2376 ·
1371 2366 1461 2408 quo

157 2445 256 2471 -non
288 2429 426 2470 maius
458 2441 508 2468 ex
545 2426 633 2467 ullo
662 2425 920 2467 hominibus
953 2426 1094 2466 existit
1126 2439 1274 2481 opere.
1353 2425 1467 2479 Qui-

162 2505 246 2547 bus
276 2503 336 2546 illi
367 2516 452 2544 una
486 2500 613 2543 dicit:
633 2506 806 2556 'operae
842 2500 1033 2555 pretium
1065 2513 1155 2540 esse
1169 2531 1187 2558 ,Ι
1218 2513 1300 2555 pro
1339 2507 1463 2543 tanto

162 2580 285 2623 bon'o
315 2580 486 2623 labores
499 2590 501 2592 ’
514 2576 658 2618 etiam*
677 2575 951 2632 gravissimos
981 2574 1213 2616 laborasse.

1207 2652 1231 2677 o
