1783 3070
854 670 1000 711 Nem.
1029 669 1077 711 1.

436 767 483 809 V.
515 770 555 810 8.
591 764 734 824 α’ρχαὶ,
768 765 816 809 δὲ
847 767 1086 824 βέβληνται
1112 768 1224 809 θεῶν
1256 764 1396 808 κείνου
1428 765 1513 807 σὺν
1545 765 1622 808 οἷν-

317 838 423 899 δρὸς
454 837 705 896 δαιμονίαις
735 841 927 897 α’ρεταῒς.
1001 842 1049 883 In
1089 842 1158 884 his
1199 841 1255 882 τὸ
1299 842 1385 883 σύν
1425 840 1620 898 ideoque

315 924 408 957 tota
435 916 649 957 sententia
682 930 774 956 non
806 916 1025 960 intellecta
1056 923 1133 957 est.
1211 916 1371 957 Sensus
1409 931 1500 957 non
1542 922 1621 970 est,

314 1005 446 1048 quem
479 1004 518 1031 v.
551 1004 587 1030 c.
619 989 894 1031 Hei-mannus
925 989 1054 1031 dixit:
1101 1005 1221 1032 ”orsa
1264 989 1476 1045 deorum,
1517 998 1618 1031 tan-

317 1080 471 1122 »quam
505 1062 804 1118 fundamenta,
836 1064 948 1105 iacta
979 1071 1093 1119 sunt,
1123 1078 1224 1105 cum
1255 1063 1615 1120 ipsius-Chromii

318 1138 571 1196 »praeclaris
601 1138 836 1180 coniuncta
865 1138 1117 1180 virtutibus:
1152 1136 1198 1179 id
1230 1146 1308 1193 est,
1340 1136 1449 1180 deos
1473 1137 1613 1180 sortu-

318 1228 422 1256 ”nae
453 1228 555 1254 suae
586 1220 785 1254 auctores
814 1213 972 1268 habet,
1004 1227 1150 1269 neque
1183 1213 1276 1269 ipse
1294 1213 1378 1254 sibi
1406 1212 1552 1254 studio
1572 1221 1617 1254 et

318 1287 624 1330 »contentione
638 1287 795 1329 virium
813 1286 985 1329 defuitm
1055 1287 1131 1329 Vel
1165 1287 1406 1329 Dissenius:
1447 1295 1516 1329 nut
1544 1301 1616 1329 re-

316 1370 585 1420 »portaretut-
615 1362 726 1403 haec
754 1362 937 1403 victoria
965 1376 1095 1403 curru
1127 1359 1342 1417 Chromii,
1371 1361 1532 1403 factum
1551 1369 1616 1402 est

319 1437 525 1479 »deorum
561 1450 646 1493 ope
676 1444 860 1493 propter
888 1436 1069 1478 virtutes
1094 1436 1211 1478 viri.«
1281 1435 1368 1478 Sed
1390 1436 1483 1478 hic:
1515 1436 1614 1478 sun-

308 1510 516 1552 damenta
542 1511 686 1568 posita
716 1524 808 1551 esse
839 1509 1043 1565 deorum,
1076 1524 1176 1551 eum
1211 1518 1365 1551 natura
1395 1509 1466 1551 ille
1483 1524 1614 1567 prae-

305 1586 580 1628 stantissimis
630 1584 855 1643 praeditus
901 1585 957 1627 sit
998 1585 1244 1627 virtutibus.
1312 1576 1446 1625 Ἔστι
1482 1580 1530 1625 δ”
1567 1586 1615 1627 ἐν

306 1659 498 1718 εὐτυχίᾳ
527 1656 766 1710 πανδοξίας
797 1656 930 1719 ἄκρον
963 1668 1045 1703 etc.

424 1737 472 1778 V.
506 1733 565 1778 64
584 1750 710 1792 seqq.
743 1736 1036 1779 He‘rma‘nn'us}
1062 1734 1173 1777 ’νικαί
1200 1750 1305 1778 τινα
1333 1735 1419 1778 σὺν
1448 1732 1617 1791 πλαγίῳ

317 1805 508 1866 »ἀνδρῶν
538 1808 650 1866 κόρῳ
671 1807 919 1865 στείχοντα
946 1809 1028 1850 τὸν
1056 1809 1342 1866 ἐχθρότατον
1383 1809 1533 1868 φᾶσέν
1572 1810 1615 1850 ἰν

317 1879 498 1924 »δώσειν
530 1882 681 1939 μόρον.
753 1883 970 1938 Loquitur
1000 1882 1057 1924 de
1086 1884 1246 1938 Nesso,
1278 1886 1355 1941 qui
1388 1885 1471 1942 ipsi
1497 1885 1608 1927 Her-

316 1957 423 2000 »culi
455 1956 703 1999 frudulenta
735 1956 900 1997 malitia
932 1955 1280 1999 crudelissimum
1305 1959 1460 2000 mortis
1478 1972 1614 2016 genus

314 2031 587 2090 »par-averita«
671 2032 817 2088 Quem
850 2031 1093 2073 Boeckhius
1124 2041 1296 2075 secutus
1328 2042 1392 2074 est
1419 2042 1611 2076 vertens:

304 2116 438 2166 atque
469 2107 664 2165 aliquem
691 2105 923 2147 hominum
955 2120 1055 2148 cum
1088 2106 1270 2165 obliqua
1294 2091 1459 2151 invidia
1488 2108 1610 2151 ince—

306 2182 483 2225 dentem
517 2182 660 2224 diram
693 2180 803 2222 dixit
842 2181 881 2222 ei
923 2181 1141 2224 illaturum
1180 2192 1385 2225 mortem.
1464 2184 1611 2226 Disse-

302 2258 399 2300 nius
444 2258 639 2315 primum
674 2255 865 2298 coniecit
905 2253 1154 2313 στείχοντά
1186 2259 1288 2299 ποτ’
1326 2256 1611 2316 ἐχθρότατον

301 2341 344 2374 et
374 2332 516 2388 μόρῳ,
551 2329 716 2373 deinde
747 2328 830 2372 τόν
860 2331 1069 2388 restituit3
1110 2332 1199 2374 hoc
1240 2347 1390 2375 sensu:
1442 2341 1608 2390 ”atque

308 2407 500 2466 »aliquos
531 2406 728 2450 virorum
760 2404 942 2464 obliqua
972 2419 1072 2448 cum
1102 2406 1336 2451 insolentia
1354 2406 1608 2451 incedentes

309 2483 631 2524 »infestissimos
684 2480 793 2522 dixit
850 2495 950 2521 eum
1006 2480 1208 2524 daturum
1260 2485 1408 2526 morti.
1498 2484 1607 2527 Nam

309 2557 457 2599 »etiam
477 2556 677 2614 (καὶγὰρ)
712 2571 812 2599 cum
847 2553 1102 2613 Gigantibus
1133 2572 1233 2600 eum
1265 2566 1598 2616 pugnaturum.‹«
